name,original_price,discount_price,price_per_unit,category,image_url,product_url,source_page,date
Plátano de Canarias IGP Carrefour 900g aprox,"1,70 €",,"1,89 €/kg",Frescos > Ofertas en Productos Frescos,https://static.carrefour.es/hd_350x_/img_pim_food/779025_00_1.jpg,https://www.carrefour.es/supermercado/platano-de-canarias-igp-carrefour-900g-aprox/R-VC4AECOMM-779025/p,https://www.carrefour.es/supermercado/el-mercado-promocion/F-10flZ13rjo/c,2026-02-21
"Calabacín Carrefour a granel 1,2 kg aprox","2,70 €",,"2,25 €/kg",Frescos > Ofertas en Productos Frescos,https://static.carrefour.es/hd_350x_/img_pim_food/431967_00_1.jpg,https://www.carrefour.es/supermercado/calabacin-carrefour-a-granel-12-kg-aprox/R-VC4AECOMM-431967/p,https://www.carrefour.es/supermercado/el-mercado-promocion/F-10flZ13rjo/c,2026-02-21
Crema de queso Original Philadelphia 350 g.,"3,65 €",,"10,43 €/kg",Frescos > Ofertas en Productos Frescos,https://static.carrefour.es/hd_350x_/img_pim_food/409343_00_1.jpg,https://www.carrefour.es/supermercado/crema-de-queso-original-philadelphia-350-g/R-704404251/p,https://www.carrefour.es/supermercado/el-mercado-promocion/F-10flZ13rjo/c,2026-02-21
Uva blanca sin pepitas Carrefour El Mercado 500 g aprox,"2,49 €",,"4,99 €/kg",Frescos > Ofertas en Productos Frescos,https://static.carrefour.es/hd_350x_/img_pim_food/672724_00_1.jpg,https://www.carrefour.es/supermercado/uva-blanca-sin-pepitas-carrefour-el-mercado-500-g-aprox/R-VC4AECOMM-672724/p,https://www.carrefour.es/supermercado/el-mercado-promocion/F-10flZ13rjo/c,2026-02-21
Crema de queso light Philadelphia 350 g.,"3,65 €",,"10,43 €/kg",Frescos > Ofertas en Productos Frescos,https://static.carrefour.es/hd_350x_/img_pim_food/409338_00_1.jpg,https://www.carrefour.es/supermercado/crema-de-queso-light-philadelphia-350-g/R-704404249/p,https://www.carrefour.es/supermercado/el-mercado-promocion/F-10flZ13rjo/c,2026-02-21
Tomate ensalada Carrefour 1 kg aprox,"1,79 €","1,69 €","1,69 €/kg",Frescos > Ofertas en Productos Frescos,https://static.carrefour.es/hd_350x_/img_pim_food/100125_00_1.jpg,https://www.carrefour.es/supermercado/tomate-ensalada-carrefour-1-kg-aprox/R-VC4AECOMM-100125/p,https://www.carrefour.es/supermercado/el-mercado-promocion/F-10flZ13rjo/c,2026-02-21
Patata lavada para todo uso Carrefour El Mercado 3 kg,"4,65 €",,"1,55 €/kg",Frescos > Ofertas en Productos Frescos,https://static.carrefour.es/hd_350x_/img_pim_food/343849_00_1.jpg,https://www.carrefour.es/supermercado/patata-lavada-para-todo-uso-carrefour-el-mercado-3-kg/R-596701537/p,https://www.carrefour.es/supermercado/el-mercado-promocion/F-10flZ13rjo/c,2026-02-21
Puerro manojo de 2-3  piezas,"1,85 €",,"1,85 €/ud",Frescos > Ofertas en Productos Frescos,https://static.carrefour.es/hd_350x_/img_pim_food/779201_00_1.jpg,https://www.carrefour.es/supermercado/puerro-manojo-de-2-3-piezas/R-VC4AECOMM-779201/p,https://www.carrefour.es/supermercado/el-mercado-promocion/F-10flZ13rjo/c,2026-02-21
Queso grana padano D.O.P. Carrefour 200 g,"3,35 €",,"16,75 €/kg",Frescos > Ofertas en Productos Frescos,https://static.carrefour.es/hd_350x_/img_pim_food/688602_00_1.jpg,https://www.carrefour.es/supermercado/queso-grana-padano-dop-carrefour-200-g/R-VC4AECOMM-688602/p,https://www.carrefour.es/supermercado/el-mercado-promocion/F-10flZ13rjo/c?offset=24,2026-02-21
"Zanahoria 1,5 kg aprox","1,28 €",,"0,85 €/kg",Frescos > Ofertas en Productos Frescos,https://static.carrefour.es/hd_350x_/img_pim_food/347139_00_1.jpg,https://www.carrefour.es/supermercado/zanahoria-15-kg-aprox/R-VC4AECOMM-347139/p,https://www.carrefour.es/supermercado/el-mercado-promocion/F-10flZ13rjo/c?offset=24,2026-02-21
Panecillos Bijou 11 uds.,1 €,,"2,02 €/kg",Frescos > Ofertas en Productos Frescos,https://static.carrefour.es/hd_350x_/img_pim_food/656912_00_1.jpg,https://www.carrefour.es/supermercado/panecillos-bijou-11-uds/R-VC4AECOMM-656912/p,https://www.carrefour.es/supermercado/el-mercado-promocion/F-10flZ13rjo/c?offset=24,2026-02-21
Preparado de carne picada de cerdo Carrefour El Mercado 500 g,"2,59 €",,"5,18 €/kg",Frescos > Ofertas en Productos Frescos,https://static.carrefour.es/hd_350x_/img_pim_food/479498_00_1.jpg,https://www.carrefour.es/supermercado/preparado-de-carne-picada-de-cerdo-carrefour-el-mercado-500-g/R-VC4AECOMM-479498/p,https://www.carrefour.es/supermercado/el-mercado-promocion/F-10flZ13rjo/c?offset=24,2026-02-21
Burgermeat Original de Vacuno Carrefour El Mercado 2x180 g,"4,79 €",,"13,31 €/kg",Frescos > Ofertas en Productos Frescos,https://static.carrefour.es/hd_350x_/img_pim_food/053271_00_1.jpg,https://www.carrefour.es/supermercado/burgermeat-original-de-vacuno-carrefour-el-mercado-2x180-g/R-VC4AECOMM-053271/p,https://www.carrefour.es/supermercado/el-mercado-promocion/F-10flZ13rjo/c?offset=24,2026-02-21
Tomate rosa Carrefour 500 g aprox,"1,67 €","1,29 €","2,59 €/kg",Frescos > Ofertas en Productos Frescos,https://static.carrefour.es/hd_350x_/img_pim_food/646389_00_1.jpg,https://www.carrefour.es/supermercado/tomate-rosa-carrefour-500-g-aprox/R-VC4AECOMM-646389/p,https://www.carrefour.es/supermercado/el-mercado-promocion/F-10flZ13rjo/c?offset=24,2026-02-21
Jamón cocido extra en lonchas Campofrío Finíssimas sin gluten y sin lactosa 170 g,"3,05 €",,"17,94 €/kg",Frescos > Ofertas en Productos Frescos,https://static.carrefour.es/hd_350x_/img_pim_food/695366_00_1.jpg,https://www.carrefour.es/supermercado/jamon-cocido-extra-en-lonchas-campofrio-finissimas-sin-gluten-y-sin-lactosa-170-g/R-VC4AECOMM-695366/p,https://www.carrefour.es/supermercado/el-mercado-promocion/F-10flZ13rjo/c?offset=24,2026-02-21
Pechuga de pavo natural asada al corte Frial 150 g aprox,"3,18 €","2,98 €","19,88 €/kg",Frescos > Ofertas en Productos Frescos,https://static.carrefour.es/hd_350x_/img_pim_food/242516_00_1.jpg,https://www.carrefour.es/supermercado/pechuga-de-pavo-natural-asada-al-corte-frial-150-g-aprox/R-590503830/p,https://www.carrefour.es/supermercado/el-mercado-promocion/F-10flZ13rjo/c?offset=24,2026-02-21
Pechuga de pavo braseado en lonchas Campofrío Finíssimas sin gluten y sin lactosa 165 g,"3,05 €",,"18,48 €/kg",Frescos > Ofertas en Productos Frescos,https://static.carrefour.es/hd_350x_/img_pim_food/695365_00_1.jpg,https://www.carrefour.es/supermercado/pechuga-de-pavo-braseado-en-lonchas-campofrio-finissimas-sin-gluten-y-sin-lactosa-165-g/R-VC4AECOMM-695365/p,https://www.carrefour.es/supermercado/el-mercado-promocion/F-10flZ13rjo/c?offset=48,2026-02-21
Queso fresco Original Burgo de Arias sin gluten pack de 3 unidades de 72 g.,"3,39 €",,"15,69 €/kg",Frescos > Ofertas en Productos Frescos,https://static.carrefour.es/hd_350x_/img_pim_food/020884_00_1.jpg,https://www.carrefour.es/supermercado/queso-fresco-original-burgo-de-arias-sin-gluten-pack-de-3-unidades-de-72-g/R-521030553/p,https://www.carrefour.es/supermercado/el-mercado-promocion/F-10flZ13rjo/c?offset=48,2026-02-21
Crema de queso light Philadelphia 350 g.,"3,65 €",,"10,43 €/kg",Frescos > Ofertas en Productos Frescos,https://static.carrefour.es/hd_350x_/img_pim_food/409338_00_1.jpg,https://www.carrefour.es/supermercado/crema-de-queso-light-philadelphia-350-g/R-704404249/p,https://www.carrefour.es/supermercado/el-mercado-promocion/F-10flZ13rjo/c?offset=48,2026-02-21
Paella mixta 350 g,"2,94 €",,"8,40 €/kg",Frescos > Ofertas en Productos Frescos,https://static.carrefour.es/hd_350x_/img_pim_food/412878_00_1.jpg,https://www.carrefour.es/supermercado/paella-mixta-350-g/R-719504483/p,https://www.carrefour.es/supermercado/el-mercado-promocion/F-10flZ13rjo/c?offset=48,2026-02-21
Chuleta de pavo Carrefour 500 g aprox,"3,57 €","3,39 €","6,79 €/kg",Frescos > Ofertas en Productos Frescos,https://static.carrefour.es/hd_350x_/img_pim_food/039652_00_1.jpg,https://www.carrefour.es/supermercado/chuleta-de-pavo-carrefour-500-g-aprox/R-prod920185/p,https://www.carrefour.es/supermercado/el-mercado-promocion/F-10flZ13rjo/c?offset=48,2026-02-21
Hamburguesa de cerdo Carrefour El Mercado 6x90 g,"2,59 €",,"4,80 €/kg",Frescos > Ofertas en Productos Frescos,https://static.carrefour.es/hd_350x_/img_pim_food/479501_00_1.jpg,https://www.carrefour.es/supermercado/hamburguesa-de-cerdo-carrefour-el-mercado-6x90-g/R-VC4AECOMM-479501/p,https://www.carrefour.es/supermercado/el-mercado-promocion/F-10flZ13rjo/c?offset=48,2026-02-21
Queso fresco cottage Protein Arla 200 g.,"2,45 €",,"12,25 €/kg",Frescos > Ofertas en Productos Frescos,https://static.carrefour.es/hd_350x_/img_pim_food/844924_00_1.jpg,https://www.carrefour.es/supermercado/queso-fresco-cottage-protein-arla-200-g/R-prod650321/p,https://www.carrefour.es/supermercado/el-mercado-promocion/F-10flZ13rjo/c?offset=48,2026-02-21
Hamburguesa mixta de cerdo y vacuno Carrefour El Mercado 6x90 g,"4,29 €",,"7,94 €/kg",Frescos > Ofertas en Productos Frescos,https://static.carrefour.es/hd_350x_/img_pim_food/479502_00_1.jpg,https://www.carrefour.es/supermercado/hamburguesa-mixta-de-cerdo-y-vacuno-carrefour-el-mercado-6x90-g/R-VC4AECOMM-479502/p,https://www.carrefour.es/supermercado/el-mercado-promocion/F-10flZ13rjo/c?offset=48,2026-02-21
Lasaña de espinacas y crema de queso fundido de cabra El Mercado 350 g,"2,99 €",,"8,54 €/kg",Frescos > Ofertas en Productos Frescos,https://static.carrefour.es/hd_350x_/img_pim_food/892199_00_1.jpg,https://www.carrefour.es/supermercado/lasana-de-espinacas-y-crema-de-queso-fundido-de-cabra-el-mercado-350-g/R-793846722/p,https://www.carrefour.es/supermercado/el-mercado-promocion/F-10flZ13rjo/c?offset=72,2026-02-21
Lacón en tapas cortadas a cuchillo MRM 170 g,"4,05 €",,"23,82 €/kg",Frescos > Ofertas en Productos Frescos,https://static.carrefour.es/hd_350x_/img_pim_food/070883_00_1.jpg,https://www.carrefour.es/supermercado/lacon-en-tapas-cortadas-a-cuchillo-mrm-170-g/R-683508017/p,https://www.carrefour.es/supermercado/el-mercado-promocion/F-10flZ13rjo/c?offset=72,2026-02-21
Croissant 12 ud.,"5,88 €","4,49 €","0,37 €/ud",Frescos > Ofertas en Productos Frescos,https://static.carrefour.es/hd_350x_/img_pim_food/530917_00_1.jpg,https://www.carrefour.es/supermercado/croissant-12-ud/R-VC4AECOMM-530917/p,https://www.carrefour.es/supermercado/el-mercado-promocion/F-10flZ13rjo/c?offset=72,2026-02-21
Burgermeat de Vacuno Master Lomo Carrefour El Mercado 2x180 g,"4,79 €",,"13,31 €/kg",Frescos > Ofertas en Productos Frescos,https://static.carrefour.es/hd_350x_/img_pim_food/053261_00_1.jpg,https://www.carrefour.es/supermercado/burgermeat-de-vacuno-master-lomo-carrefour-el-mercado-2x180-g/R-VC4AECOMM-053261/p,https://www.carrefour.es/supermercado/el-mercado-promocion/F-10flZ13rjo/c?offset=72,2026-02-21
Queso de oveja viejo en cuña Carrefour Classic 250 g.,"4,09 €",,"16,36 €/kg",Frescos > Ofertas en Productos Frescos,https://static.carrefour.es/hd_350x_/img_pim_food/104842_00_1.jpg,https://www.carrefour.es/supermercado/queso-de-oveja-viejo-en-cuna-carrefour-classic-250-g/R-VC4AECOMM-104842/p,https://www.carrefour.es/supermercado/el-mercado-promocion/F-10flZ13rjo/c?offset=72,2026-02-21
Hamburguesa de añojo Círculo de Calidad 300 g,"4,99 €",,"16,63 €/kg",Frescos > Ofertas en Productos Frescos,https://static.carrefour.es/hd_350x_/img_pim_food/093351_00_1.jpg,https://www.carrefour.es/supermercado/hamburguesa-de-anojo-circulo-de-calidad-300-g/R-522715110/p,https://www.carrefour.es/supermercado/el-mercado-promocion/F-10flZ13rjo/c?offset=72,2026-02-21
Filete de jamón de cerdo Carrefour 600 g aprox,"3,57 €",,"5,95 €/kg",Frescos > Ofertas en Productos Frescos,https://static.carrefour.es/hd_350x_/img_pim_food/047345_00_1.jpg,https://www.carrefour.es/supermercado/filete-de-jamon-de-cerdo-carrefour-600-g-aprox/R-521032497/p,https://www.carrefour.es/supermercado/el-mercado-promocion/F-10flZ13rjo/c?offset=72,2026-02-21
Pollo al curry con arroz 280 g,"2,85 €",,"10,18 €/kg",Frescos > Ofertas en Productos Frescos,https://static.carrefour.es/hd_350x_/img_pim_food/424813_00_1.jpg,https://www.carrefour.es/supermercado/pollo-al-curry-con-arroz-280-g/R-VC4AECOMM-424813/p,https://www.carrefour.es/supermercado/el-mercado-promocion/F-10flZ13rjo/c?offset=72,2026-02-21
Queso gorgonzola D.O.P Carrefour Extra 200 g,"2,95 €",,"14,75 €/kg",Frescos > Ofertas en Productos Frescos,https://static.carrefour.es/hd_350x_/img_pim_food/458663_00_1.jpg,https://www.carrefour.es/supermercado/queso-gorgonzola-dop-carrefour-extra-200-g/R-VC4AECOMM-458663/p,https://www.carrefour.es/supermercado/el-mercado-promocion/F-10flZ13rjo/c?offset=96,2026-02-21
Queso rallado emmental Especial pastas Président 150 g.,"3,49 €",,"23,27 €/kg",Frescos > Ofertas en Productos Frescos,https://static.carrefour.es/hd_350x_/img_pim_food/053192_00_1.jpg,https://www.carrefour.es/supermercado/queso-rallado-emmental-especial-pastas-president-150-g/R-521030776/p,https://www.carrefour.es/supermercado/el-mercado-promocion/F-10flZ13rjo/c?offset=96,2026-02-21
"Canelones de carne, setas y boletus El Mercado 350 g","3,69 €",,"10,54 €/kg",Frescos > Ofertas en Productos Frescos,https://static.carrefour.es/hd_350x_/img_pim_food/554201_00_1.jpg,https://www.carrefour.es/supermercado/canelones-de-carne-setas-y-boletus-el-mercado-350-g/R-VC4AECOMM-554201/p,https://www.carrefour.es/supermercado/el-mercado-promocion/F-10flZ13rjo/c?offset=96,2026-02-21
Queso en lonchas protein Arla 150 g.,"3,45 €",,23 €/kg,Frescos > Ofertas en Productos Frescos,https://static.carrefour.es/hd_350x_/img_pim_food/857192_00_1.jpg,https://www.carrefour.es/supermercado/queso-en-lonchas-protein-arla-150-g/R-prod731403/p,https://www.carrefour.es/supermercado/el-mercado-promocion/F-10flZ13rjo/c?offset=96,2026-02-21
Pechuga de pavo en pieza Bienstar ElPozo sin gluten y sin lactosa 340 g,"3,99 €",,"11,74 €/kg",Frescos > Ofertas en Productos Frescos,https://static.carrefour.es/hd_350x_/img_pim_food/711222_00_1.jpg,https://www.carrefour.es/supermercado/pechuga-de-pavo-en-pieza-bienstar-elpozo-sin-gluten-y-sin-lactosa-340-g/R-VC4AECOMM-711222/p,https://www.carrefour.es/supermercado/el-mercado-promocion/F-10flZ13rjo/c?offset=96,2026-02-21
Tomate pera 2 kg,"3,79 €","3,18 €","1,59 €/kg",Frescos > Ofertas en Productos Frescos,https://static.carrefour.es/hd_350x_/img_pim_food/652762_00_1.jpg,https://www.carrefour.es/supermercado/tomate-pera-2-kg/R-VC4AECOMM-652762/p,https://www.carrefour.es/supermercado/el-mercado-promocion/F-10flZ13rjo/c?offset=96,2026-02-21
Lasaña de pollo 350 g,"2,99 €",,"8,54 €/kg",Frescos > Ofertas en Productos Frescos,https://static.carrefour.es/hd_350x_/img_pim_food/613336_00_1.jpg,https://www.carrefour.es/supermercado/lasana-de-pollo-350-g/R-VC4AECOMM-613336/p,https://www.carrefour.es/supermercado/el-mercado-promocion/F-10flZ13rjo/c?offset=96,2026-02-21
Bizcochitos Tosta Rica 125 g.,"3,35 €",,"26,80 €/kg",Frescos > Ofertas en Productos Frescos,https://static.carrefour.es/hd_350x_/img_pim_food/812902_00_1.jpg,https://www.carrefour.es/supermercado/bizcochitos-tosta-rica-125-g/R-639501900/p,https://www.carrefour.es/supermercado/el-mercado-promocion/F-10flZ13rjo/c?offset=96,2026-02-21
Queso de mezcla viejo en cuña Cañada Mayor 250 g.,"5,09 €",,"20,36 €/kg",Frescos > Ofertas en Productos Frescos,https://static.carrefour.es/hd_350x_/img_pim_food/199248_00_1.jpg,https://www.carrefour.es/supermercado/queso-de-mezcla-viejo-en-cuna-canada-mayor-250-g/R-VC4AECOMM-199248/p,https://www.carrefour.es/supermercado/el-mercado-promocion/F-10flZ13rjo/c?offset=120,2026-02-21
Queso de oveja semicurado Carrefour Classic cuña 250 g.,"3,35 €",,"13,40 €/kg",Frescos > Ofertas en Productos Frescos,https://static.carrefour.es/hd_350x_/img_pim_food/104880_00_1.jpg,https://www.carrefour.es/supermercado/queso-de-oveja-semicurado-carrefour-classic-cuna-250-g/R-VC4AECOMM-104880/p,https://www.carrefour.es/supermercado/el-mercado-promocion/F-10flZ13rjo/c?offset=120,2026-02-21
Lasaña boloñesa gratinada El Mercado 700 g,"4,85 €",,"6,93 €/kg",Frescos > Ofertas en Productos Frescos,https://static.carrefour.es/hd_350x_/img_pim_food/554200_00_1.jpg,https://www.carrefour.es/supermercado/lasana-bolonesa-gratinada-el-mercado-700-g/R-VC4AECOMM-554200/p,https://www.carrefour.es/supermercado/el-mercado-promocion/F-10flZ13rjo/c?offset=120,2026-02-21
Jamón cocido extra en lonchas Naturarte Campofrío sin gluten y sin lactosa 110 g,"1,99 €",,"22,11 €/kg",Frescos > Ofertas en Productos Frescos,https://static.carrefour.es/hd_350x_/img_pim_food/607865_00_1.jpg,https://www.carrefour.es/supermercado/jamon-cocido-extra-en-lonchas-naturarte-campofrio-sin-gluten-y-sin-lactosa-110-g/R-VC4AECOMM-607865/p,https://www.carrefour.es/supermercado/el-mercado-promocion/F-10flZ13rjo/c?offset=120,2026-02-21
Mini Chorizo Snack'in Campofrío sin gluten 50 g,"1,59 €",,"31,80 €/kg",Frescos > Ofertas en Productos Frescos,https://static.carrefour.es/hd_350x_/img_pim_food/699035_00_1.jpg,https://www.carrefour.es/supermercado/mini-chorizo-snackin-campofrio-sin-gluten-50-g/R-prod841698/p,https://www.carrefour.es/supermercado/el-mercado-promocion/F-10flZ13rjo/c?offset=120,2026-02-21
"Filete de lomo de cerdo XXL El Mercado 1,5 kg aprox","8,98 €",,"5,99 €/kg",Frescos > Ofertas en Productos Frescos,https://static.carrefour.es/hd_350x_/img_pim_food/666037_00_1.jpg,https://www.carrefour.es/supermercado/filete-de-lomo-de-cerdo-xxl-el-mercado-15-kg-aprox/R-VC4AECOMM-666037/p,https://www.carrefour.es/supermercado/el-mercado-promocion/F-10flZ13rjo/c?offset=120,2026-02-21
Hamburguesa de Vacuno Black Angus y Cerdo Ibérico Noel 180 g,"2,99 €",,"16,61 €/kg",Frescos > Ofertas en Productos Frescos,https://static.carrefour.es/hd_350x_/img_pim_food/530680_00_1.jpg,https://www.carrefour.es/supermercado/hamburguesa-de-vacuno-black-angus-y-cerdo-iberico-noel-180-g/R-VC4AECOMM-530680/p,https://www.carrefour.es/supermercado/el-mercado-promocion/F-10flZ13rjo/c?offset=120,2026-02-21
Hamburguesa de Vacuno Raza Frisona Carrefour El Mercado 240 g,"3,19 €",,"13,29 €/kg",Frescos > Ofertas en Productos Frescos,https://static.carrefour.es/hd_350x_/img_pim_food/053256_00_1.jpg,https://www.carrefour.es/supermercado/hamburguesa-de-vacuno-raza-frisona-carrefour-el-mercado-240-g/R-VC4AECOMM-053256/p,https://www.carrefour.es/supermercado/el-mercado-promocion/F-10flZ13rjo/c?offset=120,2026-02-21
Queso parmigiano reggiano Galbani 60 g.,"3,25 €",,"54,17 €/kg",Frescos > Ofertas en Productos Frescos,https://static.carrefour.es/hd_350x_/img_pim_food/460435_00_1.jpg,https://www.carrefour.es/supermercado/queso-parmigiano-reggiano-galbani-60-g/R-521036256/p,https://www.carrefour.es/supermercado/el-mercado-promocion/F-10flZ13rjo/c?offset=144,2026-02-21
Fuet mini Campofrío Snack´in 50 g.,"1,89 €",,"37,80 €/kg",Frescos > Ofertas en Productos Frescos,https://static.carrefour.es/hd_350x_/img_pim_food/695368_00_1.jpg,https://www.carrefour.es/supermercado/fuet-mini-campofrio-snackin-50-g/R-VC4AECOMM-695368/p,https://www.carrefour.es/supermercado/el-mercado-promocion/F-10flZ13rjo/c?offset=144,2026-02-21
Nachos sabor original ecológicos Carrefour Bio 175 g,"2,55 €",,"14,57 €/kg",Frescos > Ofertas en Productos Frescos,https://static.carrefour.es/hd_350x_/img_pim_food/568128_00_1.jpg,https://www.carrefour.es/supermercado/nachos-sabor-original-ecologicos-carrefour-bio-175-g/R-VC4AECOMM-568128/p,https://www.carrefour.es/supermercado/el-mercado-promocion/F-10flZ13rjo/c?offset=144,2026-02-21
Queso parmesano reggiano Parmareggio 150 g.,"5,95 €",,"39,67 €/kg",Frescos > Ofertas en Productos Frescos,https://static.carrefour.es/hd_350x_/img_pim_food/129593_00_1.jpg,https://www.carrefour.es/supermercado/queso-parmesano-reggiano-parmareggio-150-g/R-VC4AECOMM-129593/p,https://www.carrefour.es/supermercado/el-mercado-promocion/F-10flZ13rjo/c?offset=144,2026-02-21
Mini Fuet al Brie Snack'in Campofrío 50 g,"1,49 €",,"29,80 €/kg",Frescos > Ofertas en Productos Frescos,https://static.carrefour.es/hd_350x_/img_pim_food/695244_00_1.jpg,https://www.carrefour.es/supermercado/mini-fuet-al-brie-snackin-campofrio-50-g/R-VC4AECOMM-695244/p,https://www.carrefour.es/supermercado/el-mercado-promocion/F-10flZ13rjo/c?offset=144,2026-02-21
Queso de mezcla curado en cuña cortada Gran Capitán 210 g,"5,99 €","3,99 €",19 €/kg,Frescos > Ofertas en Productos Frescos,https://static.carrefour.es/hd_350x_/img_pim_food/712289_00_1.jpg,https://www.carrefour.es/supermercado/queso-de-mezcla-curado-en-cuna-cortada-gran-capitan-210-g/R-prod841629/p,https://www.carrefour.es/supermercado/el-mercado-promocion/F-10flZ13rjo/c?offset=144,2026-02-21
Pechuga de pollo en lonchas ElPozo sin gluten 225 g,"2,79 €",,"13,95 €/kg",Frescos > Ofertas en Productos Frescos,https://static.carrefour.es/hd_350x_/img_pim_food/710647_00_1.jpg,https://www.carrefour.es/supermercado/pechuga-de-pollo-en-lonchas-elpozo-sin-gluten-225-g/R-VC4AECOMM-710647/p,https://www.carrefour.es/supermercado/el-mercado-promocion/F-10flZ13rjo/c?offset=144,2026-02-21
Queso de oveja semicurado Carrefour Classic 250 g.,"6,09 €",,"24,36 €/kg",Frescos > Ofertas en Productos Frescos,https://static.carrefour.es/hd_350x_/img_pim_food/104847_00_1.jpg,https://www.carrefour.es/supermercado/queso-de-oveja-semicurado-carrefour-classic-250-g/R-VC4AECOMM-104847/p,https://www.carrefour.es/supermercado/el-mercado-promocion/F-10flZ13rjo/c?offset=144,2026-02-21
La Gula del Norte reducida en sal 200 g,"6,35 €",,"31,75 €/kg",Frescos > Ofertas en Productos Frescos,https://static.carrefour.es/hd_350x_/img_pim_food/569915_00_1.jpg,https://www.carrefour.es/supermercado/la-gula-del-norte-reducida-en-sal-200-g/R-VC4AECOMM-569915/p,https://www.carrefour.es/supermercado/el-mercado-promocion/F-10flZ13rjo/c?offset=168,2026-02-21
Chorizo ibérico en lonchas Nico sin gluten 90 g,"2,95 €",,"32,78 €/kg",Frescos > Ofertas en Productos Frescos,https://static.carrefour.es/hd_350x_/img_pim_food/006694_00_1.jpg,https://www.carrefour.es/supermercado/chorizo-iberico-en-lonchas-nico-sin-gluten-90-g/R-VC4AECOMM-006694/p,https://www.carrefour.es/supermercado/el-mercado-promocion/F-10flZ13rjo/c?offset=168,2026-02-21
Paella mixta Carrefour 1 kg,"6,49 €",,"6,49 €/kg",Frescos > Ofertas en Productos Frescos,https://static.carrefour.es/hd_350x_/img_pim_food/906129_00_1.jpg,https://www.carrefour.es/supermercado/paella-mixta-carrefour-1-kg/R-801329543/p,https://www.carrefour.es/supermercado/el-mercado-promocion/F-10flZ13rjo/c?offset=168,2026-02-21
Queso de oveja curado Carrefour Classic 250 g. cortado,"5,89 €",,"23,56 €/kg",Frescos > Ofertas en Productos Frescos,https://static.carrefour.es/hd_350x_/img_pim_food/104858_00_1.jpg,https://www.carrefour.es/supermercado/queso-de-oveja-curado-carrefour-classic-250-g-cortado/R-VC4AECOMM-104858/p,https://www.carrefour.es/supermercado/el-mercado-promocion/F-10flZ13rjo/c?offset=168,2026-02-21
Queso rallado Grana Padano Galbani 60 g.,"2,85 €",,"47,50 €/kg",Frescos > Ofertas en Productos Frescos,https://static.carrefour.es/hd_350x_/img_pim_food/869559_00_1.jpg,https://www.carrefour.es/supermercado/queso-rallado-grana-padano-galbani-60-g/R-782730765/p,https://www.carrefour.es/supermercado/el-mercado-promocion/F-10flZ13rjo/c?offset=168,2026-02-21
Queso mozzarella  rallada Galbani 150 g.,"4,75 €",,"31,67 €/kg",Frescos > Ofertas en Productos Frescos,https://static.carrefour.es/hd_350x_/img_pim_food/063678_00_1.jpg,https://www.carrefour.es/supermercado/queso-mozzarella-rallada-galbani-150-g/R-521036254/p,https://www.carrefour.es/supermercado/el-mercado-promocion/F-10flZ13rjo/c?offset=168,2026-02-21
Arroz de verduras Socarraet 280 g,"3,49 €",,"3,49 €/ud",Frescos > Ofertas en Productos Frescos,https://static.carrefour.es/hd_350x_/img_pim_food/683993_00_1.jpg,https://www.carrefour.es/supermercado/arroz-de-verduras-socarraet-280-g/R-VC4AECOMM-683993/p,https://www.carrefour.es/supermercado/el-mercado-promocion/F-10flZ13rjo/c?offset=168,2026-02-21
Queso de mezcla curado Gran Capitán cuña de 340 g,"10,05 €",,"29,56 €/kg",Frescos > Ofertas en Productos Frescos,https://static.carrefour.es/hd_350x_/img_pim_food/230722_00_1.jpg,https://www.carrefour.es/supermercado/queso-de-mezcla-curado-gran-capitan-cuna-de-340-g/R-VC4AECOMM-230722/p,https://www.carrefour.es/supermercado/el-mercado-promocion/F-10flZ13rjo/c?offset=168,2026-02-21
Queso de mezcla semicurado Cañada Mayor 250 g.,"4,85 €",,"19,40 €/kg",Frescos > Ofertas en Productos Frescos,https://static.carrefour.es/hd_350x_/img_pim_food/199266_00_1.jpg,https://www.carrefour.es/supermercado/queso-de-mezcla-semicurado-canada-mayor-250-g/R-VC4AECOMM-199266/p,https://www.carrefour.es/supermercado/el-mercado-promocion/F-10flZ13rjo/c?offset=192,2026-02-21
Queso parmigiano reggiano D.O.P. 30 meses curación Terre D´Italia 250 g,"14,99 €",,"59,96 €/kg",Frescos > Ofertas en Productos Frescos,https://static.carrefour.es/hd_350x_/img_pim_food/678016_00_1.jpg,https://www.carrefour.es/supermercado/queso-parmigiano-reggiano-dop-30-meses-curacion-terre-ditalia-250-g/R-prod971164/p,https://www.carrefour.es/supermercado/el-mercado-promocion/F-10flZ13rjo/c?offset=192,2026-02-21
Smash burger de vacuno Carrefour Selection 240 g,"3,95 €",,"16,46 €/kg",Frescos > Ofertas en Productos Frescos,https://static.carrefour.es/hd_350x_/img_pim_food/622731_00_1.jpg,https://www.carrefour.es/supermercado/smash-burger-de-vacuno-carrefour-selection-240-g/R-VC4AECOMM-622731/p,https://www.carrefour.es/supermercado/el-mercado-promocion/F-10flZ13rjo/c?offset=192,2026-02-21
Hamburguesas mini de picaña angus Lord Dani 280 g,"4,69 €",,"16,75 €/kg",Frescos > Ofertas en Productos Frescos,https://static.carrefour.es/hd_350x_/img_pim_food/415286_00_1.jpg,https://www.carrefour.es/supermercado/hamburguesas-mini-de-picana-angus-lord-dani-280-g/R-VC4AECOMM-415286/p,https://www.carrefour.es/supermercado/el-mercado-promocion/F-10flZ13rjo/c?offset=192,2026-02-21
Salmón ahumado noruego Royal pack de 2 unidades de 80 g,"12,75 €",,"79,69 €/kg",Frescos > Ofertas en Productos Frescos,https://static.carrefour.es/hd_350x_/img_pim_food/350627_00_1.jpg,https://www.carrefour.es/supermercado/salmon-ahumado-noruego-royal-pack-de-2-unidades-de-80-g/R-prod300472/p,https://www.carrefour.es/supermercado/el-mercado-promocion/F-10flZ13rjo/c?offset=192,2026-02-21
Queso mascarpone Galbani 250 g.,"4,75 €",,19 €/kg,Frescos > Ofertas en Productos Frescos,https://static.carrefour.es/hd_350x_/img_pim_food/066973_00_1.jpg,https://www.carrefour.es/supermercado/queso-mascarpone-galbani-250-g/R-521030584/p,https://www.carrefour.es/supermercado/el-mercado-promocion/F-10flZ13rjo/c?offset=192,2026-02-21
Arroz a banda Socarraet 280 g,"3,49 €",,"3,49 €/ud",Frescos > Ofertas en Productos Frescos,https://static.carrefour.es/hd_350x_/img_pim_food/683887_00_1.jpg,https://www.carrefour.es/supermercado/arroz-a-banda-socarraet-280-g/R-VC4AECOMM-683887/p,https://www.carrefour.es/supermercado/el-mercado-promocion/F-10flZ13rjo/c?offset=192,2026-02-21
"Queso curado Tierra de Tradición pieza 1,1 kg.","13,55 €",,"12,32 €/kg",Frescos > Ofertas en Productos Frescos,https://static.carrefour.es/hd_350x_/img_pim_food/183992_00_1.jpg,https://www.carrefour.es/supermercado/queso-curado-tierra-de-tradicion-pieza-11-kg/R-VC4AECOMM-183992/p,https://www.carrefour.es/supermercado/el-mercado-promocion/F-10flZ13rjo/c?offset=192,2026-02-21
"Jamón curado Selección Reserva El Pozo pieza de 7,5 kg aprox","93,45 €",79 €,"9,87 €/kg",Frescos > Ofertas en Productos Frescos,https://static.carrefour.es/hd_350x_/img_pim_food/408050_00_1.jpg,https://www.carrefour.es/supermercado/jamon-curado-seleccion-reserva-el-pozo-pieza-de-75-kg-aprox/R-611901689/p,https://www.carrefour.es/supermercado/el-mercado-promocion/F-10flZ13rjo/c?offset=216,2026-02-21
Tiras de Potón Carrefour 1 kg aprox,"3,47 €",,"6,95 €/kg",Frescos > Ofertas en Productos Frescos,https://static.carrefour.es/hd_350x_/img_pim_food/055569_00_1.jpg,https://www.carrefour.es/supermercado/tiras-de-poton-carrefour-1-kg-aprox/R-VC4AECOMM-055569/p,https://www.carrefour.es/supermercado/el-mercado-promocion/F-10flZ13rjo/c?offset=216,2026-02-21
Jamón de Cebo Ibérico 50% Raza Ibérica en lonchas Altanera 90 g,"7,85 €",,"87,22 €/kg",Frescos > Ofertas en Productos Frescos,https://static.carrefour.es/hd_350x_/img_pim_food/337548_00_1.jpg,https://www.carrefour.es/supermercado/jamon-de-cebo-iberico-50-raza-iberica-en-lonchas-altanera-90-g/R-VC4AECOMM-337548/p,https://www.carrefour.es/supermercado/el-mercado-promocion/F-10flZ13rjo/c?offset=216,2026-02-21
Queso parmigiano Reggiano DOP en cuña Granarolo 150 g.,"5,89 €",,"39,27 €/kg",Frescos > Ofertas en Productos Frescos,https://static.carrefour.es/hd_350x_/img_pim_food/670304_00_1.jpg,https://www.carrefour.es/supermercado/queso-parmigiano-reggiano-dop-en-cuna-granarolo-150-g/R-VC4AECOMM-670304/p,https://www.carrefour.es/supermercado/el-mercado-promocion/F-10flZ13rjo/c?offset=216,2026-02-21
Chorizo de León dulce pieza Embutidos La Encima sin gluten 400 g,"9,58 €",,"19,16 €/kg",Frescos > Ofertas en Productos Frescos,https://static.carrefour.es/hd_350x_/img_pim_food/610054_00_1.jpg,https://www.carrefour.es/supermercado/chorizo-de-leon-dulce-pieza-embutidos-la-encima-sin-gluten-400-g/R-VC4AECOMM-610054/p,https://www.carrefour.es/supermercado/el-mercado-promocion/F-10flZ13rjo/c?offset=216,2026-02-21
Arroz de secreto ibérico y setas Socarraet 280 g,"3,49 €",,"3,49 €/ud",Frescos > Ofertas en Productos Frescos,https://static.carrefour.es/hd_350x_/img_pim_food/683948_00_1.jpg,https://www.carrefour.es/supermercado/arroz-de-secreto-iberico-y-setas-socarraet-280-g/R-VC4AECOMM-683948/p,https://www.carrefour.es/supermercado/el-mercado-promocion/F-10flZ13rjo/c?offset=216,2026-02-21
Queso grana padano D.O.P. reserva Terre D´Italia 250 g,"10,65 €",,"42,60 €/kg",Frescos > Ofertas en Productos Frescos,https://static.carrefour.es/hd_350x_/img_pim_food/678098_00_1.jpg,https://www.carrefour.es/supermercado/queso-grana-padano-dop-reserva-terre-ditalia-250-g/R-prod971135/p,https://www.carrefour.es/supermercado/el-mercado-promocion/F-10flZ13rjo/c?offset=216,2026-02-21
Hamburguesa de vacuno con cecina El Mercado 300 g,"5,49 €",,"18,30 €/kg",Frescos > Ofertas en Productos Frescos,https://static.carrefour.es/hd_350x_/img_pim_food/622718_00_1.jpg,https://www.carrefour.es/supermercado/hamburguesa-de-vacuno-con-cecina-el-mercado-300-g/R-VC4AECOMM-622718/p,https://www.carrefour.es/supermercado/el-mercado-promocion/F-10flZ13rjo/c?offset=216,2026-02-21
"Merluza de lonja 1,5 kg aprox","15,37 €","14,93 €","9,95 €/kg",Frescos > Ofertas en Productos Frescos,https://static.carrefour.es/hd_350x_/img_pim_food/857117_00_1.jpg,https://www.carrefour.es/supermercado/merluza-de-lonja-15-kg-aprox/R-prod731423/p,https://www.carrefour.es/supermercado/el-mercado-promocion/F-10flZ13rjo/c?offset=240,2026-02-21
Queso Scamorza ahumada Granarolo 250 g.,"5,55 €",,"22,20 €/kg",Frescos > Ofertas en Productos Frescos,https://static.carrefour.es/hd_350x_/img_pim_food/670316_00_1.jpg,https://www.carrefour.es/supermercado/queso-scamorza-ahumada-granarolo-250-g/R-VC4AECOMM-670316/p,https://www.carrefour.es/supermercado/el-mercado-promocion/F-10flZ13rjo/c?offset=240,2026-02-21
Paleta de Cebo de Campo Ibérica 50% Raza Ibérica en lonchas Altanera 90 g,"9,95 €",,"110,56 €/kg",Frescos > Ofertas en Productos Frescos,https://static.carrefour.es/hd_350x_/img_pim_food/337563_00_1.jpg,https://www.carrefour.es/supermercado/paleta-de-cebo-de-campo-iberica-50-raza-iberica-en-lonchas-altanera-90-g/R-VC4AECOMM-337563/p,https://www.carrefour.es/supermercado/el-mercado-promocion/F-10flZ13rjo/c?offset=240,2026-02-21
"Tarta de chocolate 1,5 kg","12,99 €","11,69 €","7,79 €/kg",Frescos > Ofertas en Productos Frescos,https://static.carrefour.es/hd_350x_/img_pim_food/693913_00_1.jpg,https://www.carrefour.es/supermercado/tarta-de-chocolate-15-kg/R-VC4AECOMM-693913/p,https://www.carrefour.es/supermercado/el-mercado-promocion/F-10flZ13rjo/c?offset=240,2026-02-21
Queso roquefort Papillón 100 g,"3,99 €",,"39,90 €/kg",Frescos > Ofertas en Productos Frescos,https://static.carrefour.es/hd_350x_/img_pim_food/684524_00_1.jpg,https://www.carrefour.es/supermercado/queso-roquefort-papillon-100-g/R-VC4AECOMM-684524/p,https://www.carrefour.es/supermercado/el-mercado-promocion/F-10flZ13rjo/c?offset=240,2026-02-21
Paleta de Bellota Ibérica 100% Raza Ibérica en lonchas Altanera 90 g,"13,19 €",,"146,56 €/kg",Frescos > Ofertas en Productos Frescos,https://static.carrefour.es/hd_350x_/img_pim_food/337544_00_1.jpg,https://www.carrefour.es/supermercado/paleta-de-bellota-iberica-100-raza-iberica-en-lonchas-altanera-90-g/R-VC4AECOMM-337544/p,https://www.carrefour.es/supermercado/el-mercado-promocion/F-10flZ13rjo/c?offset=240,2026-02-21
Queso Parmigiano Reggiano DOP Curado en porciones GranTerre sin lactosa pack de 5 unidades de 20 g.,"4,69 €",,"46,90 €/kg",Frescos > Ofertas en Productos Frescos,https://static.carrefour.es/hd_350x_/img_pim_food/354025_00_1.jpg,https://www.carrefour.es/supermercado/queso-parmigiano-reggiano-dop-curado-en-porciones-granterre-sin-lactosa-pack-de-5-unidades-de-20-g/R-VC4AECOMM-354025/p,https://www.carrefour.es/supermercado/el-mercado-promocion/F-10flZ13rjo/c?offset=240,2026-02-21
Queso Mascarpone Selezione en tarina Granarolo 250 g.,"3,69 €",,"14,76 €/kg",Frescos > Ofertas en Productos Frescos,https://static.carrefour.es/hd_350x_/img_pim_food/670307_00_1.jpg,https://www.carrefour.es/supermercado/queso-mascarpone-selezione-en-tarina-granarolo-250-g/R-VC4AECOMM-670307/p,https://www.carrefour.es/supermercado/el-mercado-promocion/F-10flZ13rjo/c?offset=240,2026-02-21
Queso light ya cortadas El Ventero 250 g,"8,19 €",,"32,76 €/kg",Frescos > Ofertas en Productos Frescos,https://static.carrefour.es/hd_350x_/img_pim_food/684796_00_1.jpg,https://www.carrefour.es/supermercado/queso-light-ya-cortadas-el-ventero-250-g/R-VC4AECOMM-684796/p,https://www.carrefour.es/supermercado/el-mercado-promocion/F-10flZ13rjo/c?offset=264,2026-02-21
Solomillo de pavo 750 g aprox,"5,89 €",,"7,85 €/kg",Frescos > Carne,https://static.carrefour.es/hd_350x_/img_pim_food/039639_00_1.jpg,https://www.carrefour.es/supermercado/solomillo-de-pavo-750-g-aprox/R-prod920183/p,https://www.carrefour.es/supermercado/frescos/carne/cat20018/c,2026-02-21
Hamburguesas de vacuno ecológica Carrefour Bio 2x120 g,"3,98 €",,"16,58 €/kg",Frescos > Carne,https://static.carrefour.es/hd_350x_/img_pim_food/126474_00_1.jpg,https://www.carrefour.es/supermercado/hamburguesas-de-vacuno-ecologica-carrefour-bio-2x120-g/R-prod1070059/p,https://www.carrefour.es/supermercado/frescos/carne/cat20018/c,2026-02-21
Jamoncito de pollo ecológico Carrefour Bio 500 g aprox,"6,97 €",,"13,95 €/kg",Frescos > Carne,https://static.carrefour.es/hd_350x_/img_pim_food/333863_00_1.jpg,https://www.carrefour.es/supermercado/jamoncito-de-pollo-ecologico-carrefour-bio-500-g-aprox/R-fprod1310073/p,https://www.carrefour.es/supermercado/frescos/carne/cat20018/c,2026-02-21
Pechuga de pavo fileteada Carrefour 600 g aprox,"5,01 €",,"8,35 €/kg",Frescos > Carne,https://static.carrefour.es/hd_350x_/img_pim_food/039636_00_1.jpg,https://www.carrefour.es/supermercado/pechuga-de-pavo-fileteada-carrefour-600-g-aprox/R-prod920182/p,https://www.carrefour.es/supermercado/frescos/carne/cat20018/c,2026-02-21
"Pollo campero limpio Círculo de Calidad 1,8 kg aprox","12,04 €",,"6,69 €/kg",Frescos > Carne,https://static.carrefour.es/hd_350x_/img_pim_food/826990_00_1.jpg,https://www.carrefour.es/supermercado/pollo-campero-limpio-circulo-de-calidad-18-kg-aprox/R-prod460411/p,https://www.carrefour.es/supermercado/frescos/carne/cat20018/c,2026-02-21
Pechuga de pollo certificado entera Carrefour 400 g aprox,"3,80 €",,"9,50 €/kg",Frescos > Carne,https://static.carrefour.es/hd_350x_/img_pim_food/094679_00_1.jpg,https://www.carrefour.es/supermercado/pechuga-de-pollo-certificado-entera-carrefour-400-g-aprox/R-prod1020232/p,https://www.carrefour.es/supermercado/frescos/carne/cat20018/c,2026-02-21
Picada de vacuno ecológico Carrefour Bio 400 g,"5,59 €",,"13,97 €/kg",Frescos > Carne,https://static.carrefour.es/hd_350x_/img_pim_food/126472_00_1.jpg,https://www.carrefour.es/supermercado/picada-de-vacuno-ecologico-carrefour-bio-400-g/R-prod1070058/p,https://www.carrefour.es/supermercado/frescos/carne/cat20018/c,2026-02-21
Preparado de carne picada de vacuno Círculo de Calidad 400 g,"5,55 €",,"13,87 €/kg",Frescos > Carne,https://static.carrefour.es/hd_350x_/img_pim_food/126715_00_1.jpg,https://www.carrefour.es/supermercado/preparado-de-carne-picada-de-vacuno-circulo-de-calidad-400-g/R-prod1070062/p,https://www.carrefour.es/supermercado/frescos/carne/cat20018/c,2026-02-21
Escalopines de lomo de cerdo fresco marinado Extratiernos ElPozo 600 g,"5,59 €",,"9,32 €/kg",Frescos > Carne,https://static.carrefour.es/hd_350x_/img_pim_food/284171_00_1.jpg,https://www.carrefour.es/supermercado/escalopines-de-lomo-de-cerdo-fresco-marinado-extratiernos-elpozo-600-g/R-605301855/p,https://www.carrefour.es/supermercado/frescos/carne/cat20018/c?offset=24,2026-02-21
Preparado de carne burger meat vacuno y cerdo El Mercado 500 g,"4,19 €",,"8,38 €/kg",Frescos > Carne,https://static.carrefour.es/hd_350x_/img_pim_food/479496_00_1.jpg,https://www.carrefour.es/supermercado/preparado-de-carne-burger-meat-vacuno-y-cerdo-el-mercado-500-g/R-VC4AECOMM-479496/p,https://www.carrefour.es/supermercado/frescos/carne/cat20018/c?offset=24,2026-02-21
Secreto de Cerdo Carrefour 750 g aprox,"4,54 €","4,31 €","5,75 €/kg",Frescos > Carne,https://static.carrefour.es/hd_350x_/img_pim_food/426795_00_1.jpg,https://www.carrefour.es/supermercado/secreto-de-cerdo-carrefour-750-g-aprox/R-prod220618/p,https://www.carrefour.es/supermercado/frescos/carne/cat20018/c?offset=24,2026-02-21
Arreglo de Puchero Completo Carrefour El Mercado 900 g aprox,"5,53 €",,"6,15 €/kg",Frescos > Carne,https://static.carrefour.es/hd_350x_/img_pim_food/149459_00_1.jpg,https://www.carrefour.es/supermercado/arreglo-de-puchero-completo-carrefour-el-mercado-900-g-aprox/R-609202840/p,https://www.carrefour.es/supermercado/frescos/carne/cat20018/c?offset=24,2026-02-21
Filetes de pollo empanado El Mercado sin gluten 500 g aprox,"4,35 €",,"8,70 €/kg",Frescos > Carne,https://static.carrefour.es/hd_350x_/img_pim_food/249481_00_1.jpg,https://www.carrefour.es/supermercado/filetes-de-pollo-empanado-el-mercado-sin-gluten-500-g-aprox/R-VC4AECOMM-249481/p,https://www.carrefour.es/supermercado/frescos/carne/cat20018/c?offset=24,2026-02-21
Compango Asturiano El Chico 250 g,"2,60 €",,"10,40 €/kg",Frescos > Carne,https://static.carrefour.es/hd_350x_/img_pim_food/110389_00_1.jpg,https://www.carrefour.es/supermercado/compango-asturiano-el-chico-250-g/R-VC4AECOMM-110389/p,https://www.carrefour.es/supermercado/frescos/carne/cat20018/c?offset=24,2026-02-21
Hamburguesa de Pollo Carrefour 540 g,"3,75 €",,"6,94 €/kg",Frescos > Carne,https://static.carrefour.es/hd_350x_/img_pim_food/065851_00_1.jpg,https://www.carrefour.es/supermercado/hamburguesa-de-pollo-carrefour-540-g/R-VC4AECOMM-065851/p,https://www.carrefour.es/supermercado/frescos/carne/cat20018/c?offset=24,2026-02-21
Burguer cruchy El Mercado pack de 2 unidades de 120 g.,2 €,,"8,33 €/kg",Frescos > Carne,https://static.carrefour.es/hd_350x_/img_pim_food/367047_00_1.jpg,https://www.carrefour.es/supermercado/burguer-cruchy-el-mercado-pack-de-2-unidades-de-120-g/R-VC4AECOMM-367047/p,https://www.carrefour.es/supermercado/frescos/carne/cat20018/c?offset=24,2026-02-21
Jamoncitos de Pollo Congelado 1 kg,"3,30 €",,"3,30 €/kg",Frescos > Carne,https://static.carrefour.es/hd_350x_/img_pim_food/413333_00_1.jpg,https://www.carrefour.es/supermercado/jamoncitos-de-pollo-congelado-1-kg/R-fprod1480186/p,https://www.carrefour.es/supermercado/frescos/carne/cat20018/c?offset=48,2026-02-21
Picada de Pollo Carrefour 400 g,"3,08 €",,"7,70 €/kg",Frescos > Carne,https://static.carrefour.es/hd_350x_/img_pim_food/065820_00_1.jpg,https://www.carrefour.es/supermercado/picada-de-pollo-carrefour-400-g/R-VC4AECOMM-065820/p,https://www.carrefour.es/supermercado/frescos/carne/cat20018/c?offset=48,2026-02-21
Filetes de Pechuga Marinada de Pollo Carrefour 450 g aprox,"3,44 €",,"7,65 €/kg",Frescos > Carne,https://static.carrefour.es/hd_350x_/img_pim_food/377487_00_1.jpg,https://www.carrefour.es/supermercado/filetes-de-pechuga-marinada-de-pollo-carrefour-450-g-aprox/R-VC4AECOMM-377487/p,https://www.carrefour.es/supermercado/frescos/carne/cat20018/c?offset=48,2026-02-21
Filetes de Pechuga de Pavo Marinado Carrefour El Mercado 500 g aprox,"4,44 €",,"8,89 €/kg",Frescos > Carne,https://static.carrefour.es/hd_350x_/img_pim_food/190920_00_1.jpg,https://www.carrefour.es/supermercado/filetes-de-pechuga-de-pavo-marinado-carrefour-el-mercado-500-g-aprox/R-VC4AECOMM-190920/p,https://www.carrefour.es/supermercado/frescos/carne/cat20018/c?offset=48,2026-02-21
Preparado de carne burguer meat de vacuno y cerdo Carrefour El Mercado 2x450 g,"7,19 €",,"7,99 €/kg",Frescos > Carne,https://static.carrefour.es/hd_350x_/img_pim_food/479494_00_1.jpg,https://www.carrefour.es/supermercado/preparado-de-carne-burguer-meat-de-vacuno-y-cerdo-carrefour-el-mercado-2x450-g/R-VC4AECOMM-479494/p,https://www.carrefour.es/supermercado/frescos/carne/cat20018/c?offset=48,2026-02-21
Hamburguesa de Vacuno Raza Angus Carrefour Selection 300 g,"4,80 €",,16 €/kg,Frescos > Carne,https://static.carrefour.es/hd_350x_/img_pim_food/007504_00_1.jpg,https://www.carrefour.es/supermercado/hamburguesa-de-vacuno-raza-angus-carrefour-selection-300-g/R-VC4AECOMM-007504/p,https://www.carrefour.es/supermercado/frescos/carne/cat20018/c?offset=48,2026-02-21
Pollo entero en trozos Carrefour 2 kg aprox,"7,78 €",,"3,89 €/kg",Frescos > Carne,https://static.carrefour.es/hd_350x_/img_pim_food/128501_00_1.jpg,https://www.carrefour.es/supermercado/pollo-entero-en-trozos-carrefour-2-kg-aprox/R-VC4AECOMM-128501/p,https://www.carrefour.es/supermercado/frescos/carne/cat20018/c?offset=48,2026-02-21
Carpaccio de vacuno ecológico Carrefour Bio 120 g,"3,85 €",,"32,08 €/kg",Frescos > Carne,https://static.carrefour.es/hd_350x_/img_pim_food/477312_00_1.jpg,https://www.carrefour.es/supermercado/carpaccio-de-vacuno-ecologico-carrefour-bio-120-g/R-VC4AECOMM-477312/p,https://www.carrefour.es/supermercado/frescos/carne/cat20018/c?offset=48,2026-02-21
Chorizo Asturiano El Chico 250 g,"2,80 €",,"11,20 €/kg",Frescos > Carne,https://static.carrefour.es/hd_350x_/img_pim_food/110399_00_1.jpg,https://www.carrefour.es/supermercado/chorizo-asturiano-el-chico-250-g/R-VC4AECOMM-110399/p,https://www.carrefour.es/supermercado/frescos/carne/cat20018/c?offset=72,2026-02-21
Preparado para cocido Carrefour 1 kg aprox,"6,79 €",,"6,79 €/kg",Frescos > Carne,https://static.carrefour.es/hd_350x_/img_pim_food/036118_00_1.jpg,https://www.carrefour.es/supermercado/preparado-para-cocido-carrefour-1-kg-aprox/R-522713961/p,https://www.carrefour.es/supermercado/frescos/carne/cat20018/c?offset=72,2026-02-21
Cuartos de Pollo Congelado 2 kg,"5,90 €",,"2,95 €/kg",Frescos > Carne,https://static.carrefour.es/hd_350x_/img_pim_food/413317_00_1.jpg,https://www.carrefour.es/supermercado/cuartos-de-pollo-congelado-2-kg/R-fprod1480185/p,https://www.carrefour.es/supermercado/frescos/carne/cat20018/c?offset=72,2026-02-21
Escalopin de lomo de cerdo marinado Carrefour El Mercado 500 g aprox,"3,85 €",,"7,70 €/kg",Frescos > Carne,https://static.carrefour.es/hd_350x_/img_pim_food/570506_00_1.jpg,https://www.carrefour.es/supermercado/escalopin-de-lomo-de-cerdo-marinado-carrefour-el-mercado-500-g-aprox/R-VC4AECOMM-570506/p,https://www.carrefour.es/supermercado/frescos/carne/cat20018/c?offset=72,2026-02-21
Alas de Pollo Certificado Carrefour 500 g aprox,"3,15 €",,"6,30 €/kg",Frescos > Carne,https://static.carrefour.es/hd_350x_/img_pim_food/887247_00_1.jpg,https://www.carrefour.es/supermercado/alas-de-pollo-certificado-carrefour-500-g-aprox/R-791562923/p,https://www.carrefour.es/supermercado/frescos/carne/cat20018/c?offset=72,2026-02-21
Filete 1ª A Vacuno El Mercado 500 g aprox,"8,24 €","7,97 €","15,95 €/kg",Frescos > Carne,https://static.carrefour.es/hd_350x_/img_pim_food/133782_00_1.jpg,https://www.carrefour.es/supermercado/filete-1-a-vacuno-el-mercado-500-g-aprox/R-VC4AECOMM-133782/p,https://www.carrefour.es/supermercado/frescos/carne/cat20018/c?offset=72,2026-02-21
Lomo de cerdo adobado Carrefour el Mercado 1 kg aprox,"6,81 €",,"6,81 €/kg",Frescos > Carne,https://static.carrefour.es/hd_350x_/img_pim_food/093952_00_1.jpg,https://www.carrefour.es/supermercado/lomo-de-cerdo-adobado-carrefour-el-mercado-1-kg-aprox/R-VC4AECOMM-093952/p,https://www.carrefour.es/supermercado/frescos/carne/cat20018/c?offset=72,2026-02-21
Filete 1ª A de Cadera o Babilla de Añojo Círculo de Calidad 550 g aprox,"11,70 €",,"21,28 €/kg",Frescos > Carne,https://static.carrefour.es/hd_350x_/img_pim_food/126608_00_1.jpg,https://www.carrefour.es/supermercado/filete-1-a-de-cadera-o-babilla-de-anojo-circulo-de-calidad-550-g-aprox/R-prod1070081/p,https://www.carrefour.es/supermercado/frescos/carne/cat20018/c?offset=72,2026-02-21
Burger picada de pavo Carrefour 400 g,"4,40 €",,11 €/kg,Frescos > Carne,https://static.carrefour.es/hd_350x_/img_pim_food/451188_00_1.jpg,https://www.carrefour.es/supermercado/burger-picada-de-pavo-carrefour-400-g/R-VC4AECOMM-451188/p,https://www.carrefour.es/supermercado/frescos/carne/cat20018/c?offset=96,2026-02-21
Filetes de pechuga de pollo Carrefour El Mercado 600 g aprox,"4,31 €",,"7,18 €/kg",Frescos > Carne,https://static.carrefour.es/hd_350x_/img_pim_food/577205_00_1.jpg,https://www.carrefour.es/supermercado/filetes-de-pechuga-de-pollo-carrefour-el-mercado-600-g-aprox/R-VC4AECOMM-577205/p,https://www.carrefour.es/supermercado/frescos/carne/cat20018/c?offset=96,2026-02-21
Oreja de Cerdo Carrefour El Mercado 200 g aprox,"1,68 €",,"8,40 €/kg",Frescos > Carne,https://static.carrefour.es/hd_350x_/img_pim_food/867509_00_1.jpg,https://www.carrefour.es/supermercado/oreja-de-cerdo-carrefour-el-mercado-200-g-aprox/R-782401303/p,https://www.carrefour.es/supermercado/frescos/carne/cat20018/c?offset=96,2026-02-21
Carcasas y espinazos de pollo Carrefour El Mercado 500 g aprox,"0,52 €",,"1,05 €/kg",Frescos > Carne,https://static.carrefour.es/hd_350x_/img_pim_food/577659_00_1.jpg,https://www.carrefour.es/supermercado/carcasas-y-espinazos-de-pollo-carrefour-el-mercado-500-g-aprox/R-VC4AECOMM-577659/p,https://www.carrefour.es/supermercado/frescos/carne/cat20018/c?offset=96,2026-02-21
Hamburguesa de vacuno añojo Círculo de Calidad 4x90 g,"5,49 €",,"15,25 €/kg",Frescos > Carne,https://static.carrefour.es/hd_350x_/img_pim_food/813770_00_1.jpg,https://www.carrefour.es/supermercado/hamburguesa-de-vacuno-anojo-circulo-de-calidad-4x90-g/R-VC4AECOMM-813770/p,https://www.carrefour.es/supermercado/frescos/carne/cat20018/c?offset=96,2026-02-21
Longaniza Roja Carrefour 500 g aprox,"3,39 €",,"6,79 €/kg",Frescos > Carne,https://static.carrefour.es/hd_350x_/img_pim_food/058980_00_1.jpg,https://www.carrefour.es/supermercado/longaniza-roja-carrefour-500-g-aprox/R-VC4AECOMM-058980/p,https://www.carrefour.es/supermercado/frescos/carne/cat20018/c?offset=96,2026-02-21
Hamburguesas de pollo de corral 250 g,"3,85 €",,"15,40 €/kg",Frescos > Carne,https://static.carrefour.es/hd_350x_/img_pim_food/247917_00_1.jpg,https://www.carrefour.es/supermercado/hamburguesas-de-pollo-de-corral-250-g/R-prod810892/p,https://www.carrefour.es/supermercado/frescos/carne/cat20018/c?offset=96,2026-02-21
Carcasa de pollo Carrefour 800 g aprox,"0,84 €",,"1,05 €/kg",Frescos > Carne,https://static.carrefour.es/hd_350x_/img_pim_food/163053_00_1.jpg,https://www.carrefour.es/supermercado/carcasa-de-pollo-carrefour-800-g-aprox/R-prod280997/p,https://www.carrefour.es/supermercado/frescos/carne/cat20018/c?offset=96,2026-02-21
Chorizo Oreado Picante Carrefour 500 g aprox,"4,32 €",,"8,65 €/kg",Frescos > Carne,https://static.carrefour.es/hd_350x_/img_pim_food/058939_00_1.jpg,https://www.carrefour.es/supermercado/chorizo-oreado-picante-carrefour-500-g-aprox/R-VC4AECOMM-058939/p,https://www.carrefour.es/supermercado/frescos/carne/cat20018/c?offset=120,2026-02-21
"Conejo entero Círculo de Calidad 1,250 Kg aprox","10,49 €",,"8,39 €/kg",Frescos > Carne,https://static.carrefour.es/hd_350x_/img_pim_food/548192_00_1.jpg,https://www.carrefour.es/supermercado/conejo-entero-circulo-de-calidad-1250-kg-aprox/R-767507871/p,https://www.carrefour.es/supermercado/frescos/carne/cat20018/c?offset=120,2026-02-21
Morcilla de cebolla oreada Carrefour El Mercado 350 g aprox,"2,37 €",,"6,78 €/kg",Frescos > Carne,https://static.carrefour.es/hd_350x_/img_pim_food/559442_00_1.jpg,https://www.carrefour.es/supermercado/morcilla-de-cebolla-oreada-carrefour-el-mercado-350-g-aprox/R-VC4AECOMM-559442/p,https://www.carrefour.es/supermercado/frescos/carne/cat20018/c?offset=120,2026-02-21
Panceta de cerdo fina sin corteza Carrefour El Mercado 500 g aprox,"3,90 €",,"7,80 €/kg",Frescos > Carne,https://static.carrefour.es/hd_350x_/img_pim_food/597115_00_1.jpg,https://www.carrefour.es/supermercado/panceta-de-cerdo-fina-sin-corteza-carrefour-el-mercado-500-g-aprox/R-VC4AECOMM-597115/p,https://www.carrefour.es/supermercado/frescos/carne/cat20018/c?offset=120,2026-02-21
Salchichas de pollo Carrefour 400 g,"4,49 €",,"11,22 €/kg",Frescos > Carne,https://static.carrefour.es/hd_350x_/img_pim_food/065793_00_1.jpg,https://www.carrefour.es/supermercado/salchichas-de-pollo-carrefour-400-g/R-VC4AECOMM-065793/p,https://www.carrefour.es/supermercado/frescos/carne/cat20018/c?offset=120,2026-02-21
Burguer cruchy El Mercado sin gluten 240 g,2 €,,2 €/ud,Frescos > Carne,https://static.carrefour.es/hd_350x_/img_pim_food/249478_00_1.jpg,https://www.carrefour.es/supermercado/burguer-cruchy-el-mercado-sin-gluten-240-g/R-VC4AECOMM-249478/p,https://www.carrefour.es/supermercado/frescos/carne/cat20018/c?offset=120,2026-02-21
Alhóndigas de Pollo y Pavo Carrefour El Mercado 414 g,"3,52 €",,"8,50 €/kg",Frescos > Carne,https://static.carrefour.es/hd_350x_/img_pim_food/211670_00_1.jpg,https://www.carrefour.es/supermercado/alhondigas-de-pollo-y-pavo-carrefour-el-mercado-414-g/R-VC4AECOMM-211670/p,https://www.carrefour.es/supermercado/frescos/carne/cat20018/c?offset=120,2026-02-21
Hamburguesa mini mixta Carrefour El Mercado 8x35 g,"3,10 €",,"11,07 €/kg",Frescos > Carne,https://static.carrefour.es/hd_350x_/img_pim_food/479490_00_1.jpg,https://www.carrefour.es/supermercado/hamburguesa-mini-mixta-carrefour-el-mercado-8x35-g/R-VC4AECOMM-479490/p,https://www.carrefour.es/supermercado/frescos/carne/cat20018/c?offset=120,2026-02-21
Centro de Aguja de Vacuno Angus Carrefour Selection 400 g aprox,"9,68 €",,"24,20 €/kg",Frescos > Carne,https://static.carrefour.es/hd_350x_/img_pim_food/007147_00_1.jpg,https://www.carrefour.es/supermercado/centro-de-aguja-de-vacuno-angus-carrefour-selection-400-g-aprox/R-VC4AECOMM-007147/p,https://www.carrefour.es/supermercado/frescos/carne/cat20018/c?offset=144,2026-02-21
Hamburguesa de vacuno angus El Encinar de Humienta 300 g,"4,75 €",,"15,83 €/kg",Frescos > Carne,https://static.carrefour.es/hd_350x_/img_pim_food/491524_00_1.jpg,https://www.carrefour.es/supermercado/hamburguesa-de-vacuno-angus-el-encinar-de-humienta-300-g/R-VC4AECOMM-491524/p,https://www.carrefour.es/supermercado/frescos/carne/cat20018/c?offset=144,2026-02-21
Magreta adobada El Mercado 330 g,"2,79 €",,"8,45 €/kg",Frescos > Carne,https://static.carrefour.es/hd_350x_/img_pim_food/637944_00_1.jpg,https://www.carrefour.es/supermercado/magreta-adobada-el-mercado-330-g/R-VC4AECOMM-637944/p,https://www.carrefour.es/supermercado/frescos/carne/cat20018/c?offset=144,2026-02-21
Lomo de cerdo adobado al horno El Pozo 330 g,"3,59 €",,"10,88 €/kg",Frescos > Carne,https://static.carrefour.es/hd_350x_/img_pim_food/743258_00_1.jpg,https://www.carrefour.es/supermercado/lomo-de-cerdo-adobado-al-horno-el-pozo-330-g/R-530706207/p,https://www.carrefour.es/supermercado/frescos/carne/cat20018/c?offset=144,2026-02-21
Salchichas de pollo campero del corral Coren 350 g,"5,25 €",,15 €/kg,Frescos > Carne,https://static.carrefour.es/hd_350x_/img_pim_food/270270_00_1.jpg,https://www.carrefour.es/supermercado/salchichas-de-pollo-campero-del-corral-coren-350-g/R-prod720728/p,https://www.carrefour.es/supermercado/frescos/carne/cat20018/c?offset=144,2026-02-21
Pechuga de Pollo Marinada al estilo Andaluz Carrefour 500 g apox,"4,57 €",,"9,15 €/kg",Frescos > Carne,https://static.carrefour.es/hd_350x_/img_pim_food/630178_00_1.jpg,https://www.carrefour.es/supermercado/pechuga-de-pollo-marinada-al-estilo-andaluz-carrefour-500-g-apox/R-VC4AECOMM-630178/p,https://www.carrefour.es/supermercado/frescos/carne/cat20018/c?offset=144,2026-02-21
Codillo de cerdo salmuerizado semicocido al estilo Alemán Carrefour El Mercado 1 kg aprox,"4,60 €",,"4,60 €/kg",Frescos > Carne,https://static.carrefour.es/hd_350x_/img_pim_food/504662_00_1.jpg,https://www.carrefour.es/supermercado/codillo-de-cerdo-salmuerizado-semicocido-al-estilo-aleman-carrefour-el-mercado-1-kg-aprox/R-VC4AECOMM-504662/p,https://www.carrefour.es/supermercado/frescos/carne/cat20018/c?offset=144,2026-02-21
Hamburguesa de pollo de corral y espinacas  2x125 g,"3,85 €",,"15,40 €/kg",Frescos > Carne,https://static.carrefour.es/hd_350x_/img_pim_food/216146_00_1.jpg,https://www.carrefour.es/supermercado/hamburguesa-de-pollo-de-corral-y-espinacas-2x125-g/R-prod1170148/p,https://www.carrefour.es/supermercado/frescos/carne/cat20018/c?offset=144,2026-02-21
Croquetas de Pollo y Jamón Aldelís 380 g,"4,05 €",,"10,66 €/kg",Frescos > Carne,https://static.carrefour.es/hd_350x_/img_pim_food/617963_00_1.jpg,https://www.carrefour.es/supermercado/croquetas-de-pollo-y-jamon-aldelis-380-g/R-526414427/p,https://www.carrefour.es/supermercado/frescos/carne/cat20018/c?offset=168,2026-02-21
Flamenquines de pavo y queso Adelís 255 g,"3,59 €",,"14,08 €/kg",Frescos > Carne,https://static.carrefour.es/hd_350x_/img_pim_food/924221_00_1.jpg,https://www.carrefour.es/supermercado/flamenquines-de-pavo-y-queso-adelis-255-g/R-prod73824/p,https://www.carrefour.es/supermercado/frescos/carne/cat20018/c?offset=168,2026-02-21
Morcilla Asturiana El Chico 250 g,"2,49 €",,"9,96 €/kg",Frescos > Carne,https://static.carrefour.es/hd_350x_/img_pim_food/110409_00_1.jpg,https://www.carrefour.es/supermercado/morcilla-asturiana-el-chico-250-g/R-VC4AECOMM-110409/p,https://www.carrefour.es/supermercado/frescos/carne/cat20018/c?offset=168,2026-02-21
Rabo de Vaca porcionado El Encinar de Humienta 1 kg aprox,"16,49 €",,"16,49 €/kg",Frescos > Carne,https://static.carrefour.es/hd_350x_/img_pim_food/573773_00_1.jpg,https://www.carrefour.es/supermercado/rabo-de-vaca-porcionado-el-encinar-de-humienta-1-kg-aprox/R-VC4AECOMM-573773/p,https://www.carrefour.es/supermercado/frescos/carne/cat20018/c?offset=168,2026-02-21
Hamburguesas mini de añojo Círculo de Calidad 280 g,"4,69 €",,"16,75 €/kg",Frescos > Carne,https://static.carrefour.es/hd_350x_/img_pim_food/415329_00_1.jpg,https://www.carrefour.es/supermercado/hamburguesas-mini-de-anojo-circulo-de-calidad-280-g/R-VC4AECOMM-415329/p,https://www.carrefour.es/supermercado/frescos/carne/cat20018/c?offset=168,2026-02-21
Cabeza de lomo de cerdo Carrefour al vacío 1 kg aprox,"4,79 €",,"4,79 €/kg",Frescos > Carne,https://static.carrefour.es/hd_350x_/img_pim_food/954542_00_1.jpg,https://www.carrefour.es/supermercado/cabeza-de-lomo-de-cerdo-carrefour-al-vacio-1-kg-aprox/R-825101789/p,https://www.carrefour.es/supermercado/frescos/carne/cat20018/c?offset=168,2026-02-21
Lomo de cerdo Duroc en filetes Círculo de Calidad Carrefour 450 g aprox,"4,93 €",,"10,95 €/kg",Frescos > Carne,https://static.carrefour.es/hd_350x_/img_pim_food/001523_00_1.jpg,https://www.carrefour.es/supermercado/lomo-de-cerdo-duroc-en-filetes-circulo-de-calidad-carrefour-450-g-aprox/R-VC4AECOMM-001523/p,https://www.carrefour.es/supermercado/frescos/carne/cat20018/c?offset=168,2026-02-21
Salchicha fresca de pavo Carrefour 350 g,"4,29 €",,"12,26 €/kg",Frescos > Carne,https://static.carrefour.es/hd_350x_/img_pim_food/451174_00_1.jpg,https://www.carrefour.es/supermercado/salchicha-fresca-de-pavo-carrefour-350-g/R-VC4AECOMM-451174/p,https://www.carrefour.es/supermercado/frescos/carne/cat20018/c?offset=168,2026-02-21
Costilla de cerdo adobada 650 g aprox,"6,36 €",,"9,79 €/kg",Frescos > Carne,https://static.carrefour.es/hd_350x_/img_pim_food/297338_00_1.jpg,https://www.carrefour.es/supermercado/costilla-de-cerdo-adobada-650-g-aprox/R-522714420/p,https://www.carrefour.es/supermercado/frescos/carne/cat20018/c?offset=192,2026-02-21
Entrecot de vacuno de Extremadura Carrefour El Mercado 600 g aprox,"15,78 €",,"26,30 €/kg",Frescos > Carne,https://static.carrefour.es/hd_350x_/img_pim_food/955744_00_1.jpg,https://www.carrefour.es/supermercado/entrecot-de-vacuno-de-extremadura-carrefour-el-mercado-600-g-aprox/R-826005259/p,https://www.carrefour.es/supermercado/frescos/carne/cat20018/c?offset=192,2026-02-21
Entrecot de Vacuno Raza Rubia Gallega Madurado El Encinar de Humienta 500 g aprox,"13,85 €",,"27,70 €/kg",Frescos > Carne,https://static.carrefour.es/hd_350x_/img_pim_food/955738_00_1.jpg,https://www.carrefour.es/supermercado/entrecot-de-vacuno-raza-rubia-gallega-madurado-el-encinar-de-humienta-500-g-aprox/R-prod63771/p,https://www.carrefour.es/supermercado/frescos/carne/cat20018/c?offset=192,2026-02-21
Chuletas de cordero de palo y riñonada 600 g aprox,"18,54 €",,"30,90 €/kg",Frescos > Carne,https://static.carrefour.es/hd_350x_/img_pim_food/282104_00_1.jpg,https://www.carrefour.es/supermercado/chuletas-de-cordero-de-palo-y-rinonada-600-g-aprox/R-754604624/p,https://www.carrefour.es/supermercado/frescos/carne/cat20018/c?offset=192,2026-02-21
Pechuga de Pollo Marinada al Ajillo en Filetes Carrefour 500 g aprox,"3,94 €",,"7,89 €/kg",Frescos > Carne,https://static.carrefour.es/hd_350x_/img_pim_food/630184_00_1.jpg,https://www.carrefour.es/supermercado/pechuga-de-pollo-marinada-al-ajillo-en-filetes-carrefour-500-g-aprox/R-VC4AECOMM-630184/p,https://www.carrefour.es/supermercado/frescos/carne/cat20018/c?offset=192,2026-02-21
Secreto de cerdo Duroc Círculo de Calidad Carrefour 265 g aprox,"3,95 €",,"14,89 €/kg",Frescos > Carne,https://static.carrefour.es/hd_350x_/img_pim_food/001220_00_1.jpg,https://www.carrefour.es/supermercado/secreto-de-cerdo-duroc-circulo-de-calidad-carrefour-265-g-aprox/R-VC4AECOMM-001220/p,https://www.carrefour.es/supermercado/frescos/carne/cat20018/c?offset=192,2026-02-21
Carne picada de pollo de corral Coren 400 g,"5,39 €",,"13,47 €/kg",Frescos > Carne,https://static.carrefour.es/hd_350x_/img_pim_food/247894_00_1.jpg,https://www.carrefour.es/supermercado/carne-picada-de-pollo-de-corral-coren-400-g/R-prod810863/p,https://www.carrefour.es/supermercado/frescos/carne/cat20018/c?offset=192,2026-02-21
Callos a la Madrileña Liberto de Pedro 500 g,"3,49 €",,"6,98 €/kg",Frescos > Carne,https://static.carrefour.es/hd_350x_/img_pim_food/426449_00_1.jpg,https://www.carrefour.es/supermercado/callos-a-la-madrilena-liberto-de-pedro-500-g/R-prod840213/p,https://www.carrefour.es/supermercado/frescos/carne/cat20018/c?offset=192,2026-02-21
Hamburguesa mini de vacuno Carrefour Bio 280 g,"4,59 €",,"16,39 €/kg",Frescos > Carne,,https://www.carrefour.es/supermercado/hamburguesa-mini-de-vacuno-carrefour-bio-280-g/R-VC4AECOMM-415256/p,https://www.carrefour.es/supermercado/frescos/carne/cat20018/c?offset=192,2026-02-21
Filete de Lomo Extra de Cerdo Adobado Caysan 400 g,"5,25 €",,"13,12 €/kg",Frescos > Carne,https://static.carrefour.es/hd_350x_/img_pim_food/621764_00_1.jpg,https://www.carrefour.es/supermercado/filete-de-lomo-extra-de-cerdo-adobado-caysan-400-g/R-prod240539/p,https://www.carrefour.es/supermercado/frescos/carne/cat20018/c?offset=216,2026-02-21
Tira de costilla de cerdo adobada La Nuncia 600 g aprox,"5,91 €",,"9,85 €/kg",Frescos > Carne,https://static.carrefour.es/hd_350x_/img_pim_food/401847_00_1.jpg,https://www.carrefour.es/supermercado/tira-de-costilla-de-cerdo-adobada-la-nuncia-600-g-aprox/R-702201819/p,https://www.carrefour.es/supermercado/frescos/carne/cat20018/c?offset=216,2026-02-21
Hamburguesa de pollo de corral y rulo de cabra Coren 2x125 g,"3,99 €",,"15,96 €/kg",Frescos > Carne,https://static.carrefour.es/hd_350x_/img_pim_food/216162_00_1.jpg,https://www.carrefour.es/supermercado/hamburguesa-de-pollo-de-corral-y-rulo-de-cabra-coren-2x125-g/R-prod1170151/p,https://www.carrefour.es/supermercado/frescos/carne/cat20018/c?offset=216,2026-02-21
Filete de Vacuno Añojo Ecológico Carrefour Bio 500 g aprox,"11,45 €",,"22,90 €/kg",Frescos > Carne,https://static.carrefour.es/hd_350x_/img_pim_food/126470_00_1.jpg,https://www.carrefour.es/supermercado/filete-de-vacuno-anojo-ecologico-carrefour-bio-500-g-aprox/R-prod1070057/p,https://www.carrefour.es/supermercado/frescos/carne/cat20018/c?offset=216,2026-02-21
Smash burger de vacuno Carrefour Selection 240 g,"3,95 €",,"16,46 €/kg",Frescos > Carne,https://static.carrefour.es/hd_350x_/img_pim_food/622731_00_1.jpg,https://www.carrefour.es/supermercado/smash-burger-de-vacuno-carrefour-selection-240-g/R-VC4AECOMM-622731/p,https://www.carrefour.es/supermercado/frescos/carne/cat20018/c?offset=216,2026-02-21
Hamburguesas mini de picaña angus Lord Dani 280 g,"4,69 €",,"16,75 €/kg",Frescos > Carne,https://static.carrefour.es/hd_350x_/img_pim_food/415286_00_1.jpg,https://www.carrefour.es/supermercado/hamburguesas-mini-de-picana-angus-lord-dani-280-g/R-VC4AECOMM-415286/p,https://www.carrefour.es/supermercado/frescos/carne/cat20018/c?offset=216,2026-02-21
Albóndigas de Pavo Carrefour 375 g,"4,29 €",,"11,44 €/kg",Frescos > Carne,https://static.carrefour.es/hd_350x_/img_pim_food/451185_00_1.jpg,https://www.carrefour.es/supermercado/albondigas-de-pavo-carrefour-375-g/R-VC4AECOMM-451185/p,https://www.carrefour.es/supermercado/frescos/carne/cat20018/c?offset=216,2026-02-21
Filete tierno de Wagyu Santa Rosalia 250 g,"10,29 €",,"10,29 €/ud",Frescos > Carne,https://static.carrefour.es/hd_350x_/img_pim_food/884789_00_1.jpg,https://www.carrefour.es/supermercado/filete-tierno-de-wagyu-santa-rosalia-250-g/R-867510271/p,https://www.carrefour.es/supermercado/frescos/carne/cat20018/c?offset=216,2026-02-21
Alas de pollo Carrefour El Mercado 700 g aprox,"3,11 €",,"4,44 €/kg",Frescos > Carne,https://static.carrefour.es/hd_350x_/img_pim_food/577649_00_1.jpg,https://www.carrefour.es/supermercado/alas-de-pollo-carrefour-el-mercado-700-g-aprox/R-VC4AECOMM-577649/p,https://www.carrefour.es/supermercado/frescos/carne/cat20018/c?offset=240,2026-02-21
Entrecot de Vacuno Angus Carrefour Selection 500 g aprox,"19,98 €",,"39,97 €/kg",Frescos > Carne,https://static.carrefour.es/hd_350x_/img_pim_food/007142_00_1.jpg,https://www.carrefour.es/supermercado/entrecot-de-vacuno-angus-carrefour-selection-500-g-aprox/R-VC4AECOMM-007142/p,https://www.carrefour.es/supermercado/frescos/carne/cat20018/c?offset=240,2026-02-21
Chuleta de aguja de cerdo Círculo de Calidad 650 g aprox,"7,73 €",,"11,89 €/kg",Frescos > Carne,https://static.carrefour.es/hd_350x_/img_pim_food/001527_00_1.jpg,https://www.carrefour.es/supermercado/chuleta-de-aguja-de-cerdo-circulo-de-calidad-650-g-aprox/R-VC4AECOMM-001527/p,https://www.carrefour.es/supermercado/frescos/carne/cat20018/c?offset=240,2026-02-21
Lomo de Vacuno Rubia Gallega Madurado 1 kg aprox,"27,40 €",,"27,40 €/kg",Frescos > Carne,https://static.carrefour.es/hd_350x_/img_pim_food/377919_00_1.jpg,https://www.carrefour.es/supermercado/lomo-de-vacuno-rubia-gallega-madurado-1-kg-aprox/R-fprod1280521/p,https://www.carrefour.es/supermercado/frescos/carne/cat20018/c?offset=240,2026-02-21
Fiambre de chuleta de cerdo cocida y ahumada tipo Sajonia Caysan 400 g aprox,"4,85 €",,"12,12 €/kg",Frescos > Carne,https://static.carrefour.es/hd_350x_/img_pim_food/929842_00_1.jpg,https://www.carrefour.es/supermercado/fiambre-de-chuleta-de-cerdo-cocida-y-ahumada-tipo-sajonia-caysan-400-g-aprox/R-prod220986/p,https://www.carrefour.es/supermercado/frescos/carne/cat20018/c?offset=240,2026-02-21
Cinta de lomo natural adobada 500 g aprox,"4,44 €",,"8,89 €/kg",Frescos > Carne,https://static.carrefour.es/hd_350x_/img_pim_food/935946_00_1.jpg,https://www.carrefour.es/supermercado/cinta-de-lomo-natural-adobada-500-g-aprox/R-prod212108/p,https://www.carrefour.es/supermercado/frescos/carne/cat20018/c?offset=240,2026-02-21
Medallón de solomillo de vacuno 220 g aprox,"8,75 €",,"39,79 €/kg",Frescos > Carne,https://static.carrefour.es/hd_350x_/img_pim_food/955734_00_1.jpg,https://www.carrefour.es/supermercado/medallon-de-solomillo-de-vacuno-220-g-aprox/R-prod63772/p,https://www.carrefour.es/supermercado/frescos/carne/cat20018/c?offset=240,2026-02-21
Presa de cerdo Duroc Círculo de Calidad Carrefour 125 g aprox,"2,11 €",,"16,89 €/kg",Frescos > Carne,https://static.carrefour.es/hd_350x_/img_pim_food/001451_00_1.jpg,https://www.carrefour.es/supermercado/presa-de-cerdo-duroc-circulo-de-calidad-carrefour-125-g-aprox/R-VC4AECOMM-001451/p,https://www.carrefour.es/supermercado/frescos/carne/cat20018/c?offset=240,2026-02-21
Morcilla de Patata Nejosa 375 g,"4,89 €",,"13,04 €/kg",Frescos > Carne,https://static.carrefour.es/hd_350x_/img_pim_food/776137_00_1.jpg,https://www.carrefour.es/supermercado/morcilla-de-patata-nejosa-375-g/R-768101347/p,https://www.carrefour.es/supermercado/frescos/carne/cat20018/c?offset=264,2026-02-21
Salchichas de pollo ecológica Carrefour Bio 300 g,"6,99 €",,"23,30 €/kg",Frescos > Carne,https://static.carrefour.es/hd_350x_/img_pim_food/333571_00_1.jpg,https://www.carrefour.es/supermercado/salchichas-de-pollo-ecologica-carrefour-bio-300-g/R-fprod1310001/p,https://www.carrefour.es/supermercado/frescos/carne/cat20018/c?offset=264,2026-02-21
Morro a la riojana Liberto de Pedro 500 g,"3,65 €",,"7,30 €/kg",Frescos > Carne,https://static.carrefour.es/hd_350x_/img_pim_food/426529_00_1.jpg,https://www.carrefour.es/supermercado/morro-a-la-riojana-liberto-de-pedro-500-g/R-prod840032/p,https://www.carrefour.es/supermercado/frescos/carne/cat20018/c?offset=264,2026-02-21
Morcilla de Patata Nejosa 375 g,"4,89 €",,"13,04 €/kg",Frescos > Carne,https://static.carrefour.es/hd_350x_/img_pim_food/776262_00_1.jpg,https://www.carrefour.es/supermercado/morcilla-de-patata-nejosa-375-g/R-768101455/p,https://www.carrefour.es/supermercado/frescos/carne/cat20018/c?offset=264,2026-02-21
Chuletas de conejo Círculo de Calidad 500 g aprox,"7,69 €",,"15,39 €/kg",Frescos > Carne,https://static.carrefour.es/hd_350x_/img_pim_food/793655_00_1.jpg,https://www.carrefour.es/supermercado/chuletas-de-conejo-circulo-de-calidad-500-g-aprox/R-521033210/p,https://www.carrefour.es/supermercado/frescos/carne/cat20018/c?offset=264,2026-02-21
Chuletillas de cordero lechal Hermanos Masa 500 g aprox,"19,45 €",,"38,90 €/kg",Frescos > Carne,https://static.carrefour.es/hd_350x_/img_pim_food/507839_00_1.jpg,https://www.carrefour.es/supermercado/chuletillas-de-cordero-lechal-hermanos-masa-500-g-aprox/R-VC4AECOMM-507839/p,https://www.carrefour.es/supermercado/frescos/carne/cat20018/c?offset=264,2026-02-21
Pincho andaluz Caysan 300 g,"3,25 €",,"10,83 €/kg",Frescos > Carne,https://static.carrefour.es/hd_350x_/img_pim_food/929852_00_1.jpg,https://www.carrefour.es/supermercado/pincho-andaluz-caysan-300-g/R-prod220989/p,https://www.carrefour.es/supermercado/frescos/carne/cat20018/c?offset=264,2026-02-21
Medio conejo a cuartos Círculo de Calidad 550 g aprox,"5,33 €",,"9,69 €/kg",Frescos > Carne,https://static.carrefour.es/hd_350x_/img_pim_food/545777_00_1.jpg,https://www.carrefour.es/supermercado/medio-conejo-a-cuartos-circulo-de-calidad-550-g-aprox/R-VC4AECOMM-545777/p,https://www.carrefour.es/supermercado/frescos/carne/cat20018/c?offset=264,2026-02-21
Paletilla de cordero lechal El Mercado 550 g aprox,"21,39 €",,"38,90 €/kg",Frescos > Carne,https://static.carrefour.es/hd_350x_/img_pim_food/397510_00_1.jpg,https://www.carrefour.es/supermercado/paletilla-de-cordero-lechal-el-mercado-550-g-aprox/R-fprod1460309/p,https://www.carrefour.es/supermercado/frescos/carne/cat20018/c?offset=288,2026-02-21
Filete 1ª B de Añojo Ecológico Carrefour Bio 500 g aprox,"9,14 €",,"18,29 €/kg",Frescos > Carne,https://static.carrefour.es/hd_350x_/img_pim_food/126462_00_1.jpg,https://www.carrefour.es/supermercado/filete-1-b-de-anojo-ecologico-carrefour-bio-500-g-aprox/R-prod1070054/p,https://www.carrefour.es/supermercado/frescos/carne/cat20018/c?offset=288,2026-02-21
Pierna de cordero lechal Carrefour El Mercado 650 g aprox,"18,13 €",,"27,90 €/kg",Frescos > Carne,https://static.carrefour.es/hd_350x_/img_pim_food/397479_00_1.jpg,https://www.carrefour.es/supermercado/pierna-de-cordero-lechal-carrefour-el-mercado-650-g-aprox/R-fprod1460343/p,https://www.carrefour.es/supermercado/frescos/carne/cat20018/c?offset=288,2026-02-21
Paletilla de cordero recental El Mercado 950 g aprox,"24,60 €",,"25,90 €/kg",Frescos > Carne,https://static.carrefour.es/hd_350x_/img_pim_food/397664_00_1.jpg,https://www.carrefour.es/supermercado/paletilla-de-cordero-recental-el-mercado-950-g-aprox/R-fprod1460327/p,https://www.carrefour.es/supermercado/frescos/carne/cat20018/c?offset=288,2026-02-21
"Pierna de cordero envasada al vacío 1,3 kg aprox AC","32,37 €",,"24,90 €/kg",Frescos > Carne,https://static.carrefour.es/hd_350x_/img_pim_food/397649_00_1.jpg,https://www.carrefour.es/supermercado/pierna-de-cordero-envasada-al-vacio-13-kg-aprox-ac/R-fprod1460325/p,https://www.carrefour.es/supermercado/frescos/carne/cat20018/c?offset=288,2026-02-21
Chuleta tipo sajonia 500 g aprox,"4,44 €",,"8,89 €/kg",Frescos > Carne,https://static.carrefour.es/hd_350x_/img_pim_food/935955_00_1.jpg,https://www.carrefour.es/supermercado/chuleta-tipo-sajonia-500-g-aprox/R-prod290867/p,https://www.carrefour.es/supermercado/frescos/carne/cat20018/c?offset=288,2026-02-21
Oreja de cerdo cocida adobada Segundo Sanz 450 g,"5,25 €",,"11,67 €/kg",Frescos > Carne,https://static.carrefour.es/hd_350x_/img_pim_food/426540_00_1.jpg,https://www.carrefour.es/supermercado/oreja-de-cerdo-cocida-adobada-segundo-sanz-450-g/R-737026326/p,https://www.carrefour.es/supermercado/frescos/carne/cat20018/c?offset=288,2026-02-21
"Conejo entero precortado Círculo de Calidad  1,250 Kg aprox","11,24 €",,"8,99 €/kg",Frescos > Carne,https://static.carrefour.es/hd_350x_/img_pim_food/956729_00_1.jpg,https://www.carrefour.es/supermercado/conejo-entero-precortado-circulo-de-calidad-1250-kg-aprox/R-825813008/p,https://www.carrefour.es/supermercado/frescos/carne/cat20018/c?offset=288,2026-02-21
Salmón 3 kg aprox,"32,85 €",,"10,95 €/kg",Frescos > Pescado y Marisco,https://static.carrefour.es/hd_350x_/img_pim_food/145070_00_1.jpg,https://www.carrefour.es/supermercado/salmon-3-kg-aprox/R-531731258/p,https://www.carrefour.es/supermercado/frescos/pescado-y-marisco/cat20014/c,2026-02-21
Dorada de ración Carrefour 600 g aprox,"5,97 €",,"9,95 €/kg",Frescos > Pescado y Marisco,https://static.carrefour.es/hd_350x_/img_pim_food/033389_00_1.jpg,https://www.carrefour.es/supermercado/dorada-de-racion-carrefour-600-g-aprox/R-628108203/p,https://www.carrefour.es/supermercado/frescos/pescado-y-marisco/cat20014/c,2026-02-21
Mejillones al albariño Aguinamar 900 g,"6,95 €",,"7,72 €/kg",Frescos > Pescado y Marisco,https://static.carrefour.es/hd_350x_/img_pim_food/328797_00_1.jpg,https://www.carrefour.es/supermercado/mejillones-al-albarino-aguinamar-900-g/R-VC4AECOMM-328797/p,https://www.carrefour.es/supermercado/frescos/pescado-y-marisco/cat20014/c,2026-02-21
Patas de pulpo cocido Carrefour El Mercado 250 g,"9,39 €",,"37,56 €/kg",Frescos > Pescado y Marisco,https://static.carrefour.es/hd_350x_/img_pim_food/534228_00_1.jpg,https://www.carrefour.es/supermercado/patas-de-pulpo-cocido-carrefour-el-mercado-250-g/R-VC4AECOMM-534228/p,https://www.carrefour.es/supermercado/frescos/pescado-y-marisco/cat20014/c,2026-02-21
Barritas Krissia 300 g,"4,65 €",,"15,50 €/kg",Frescos > Pescado y Marisco,https://static.carrefour.es/hd_350x_/img_pim_food/714020_00_1.jpg,https://www.carrefour.es/supermercado/barritas-krissia-300-g/R-521032020/p,https://www.carrefour.es/supermercado/frescos/pescado-y-marisco/cat20014/c,2026-02-21
Langostino cocido (40/60 ud) 1 kg aprox,"9,49 €",,"9,49 €/kg",Frescos > Pescado y Marisco,https://static.carrefour.es/hd_350x_/img_pim_food/231984_00_1.jpg,https://www.carrefour.es/supermercado/langostino-cocido-40-60-ud-1-kg-aprox/R-529043343/p,https://www.carrefour.es/supermercado/frescos/pescado-y-marisco/cat20014/c,2026-02-21
Salmón en rodaja Calidad y Origen Carrefour 300 g aprox,"5,31 €",,"17,69 €/kg",Frescos > Pescado y Marisco,https://static.carrefour.es/hd_350x_/img_pim_food/283313_00_1.jpg,https://www.carrefour.es/supermercado/salmon-en-rodaja-calidad-y-origen-carrefour-300-g-aprox/R-prod231114/p,https://www.carrefour.es/supermercado/frescos/pescado-y-marisco/cat20014/c,2026-02-21
Patas de pulpo cocido Carrefour El Mercado 270 g,"12,95 €",,"47,96 €/kg",Frescos > Pescado y Marisco,https://static.carrefour.es/hd_350x_/img_pim_food/335273_00_1.jpg,https://www.carrefour.es/supermercado/patas-de-pulpo-cocido-carrefour-el-mercado-270-g/R-VC4AECOMM-335273/p,https://www.carrefour.es/supermercado/frescos/pescado-y-marisco/cat20014/c,2026-02-21
Lomo de Atún 400 g aprox,"7,98 €","6,38 €","15,95 €/kg",Frescos > Pescado y Marisco,https://static.carrefour.es/hd_350x_/img_pim_food/232145_00_1.jpg,https://www.carrefour.es/supermercado/lomo-de-atun-400-g-aprox/R-659101740/p,https://www.carrefour.es/supermercado/frescos/pescado-y-marisco/cat20014/c?offset=24,2026-02-21
Corvina Círculo de Calidad 2 kg aprox,"19,90 €",,"9,95 €/kg",Frescos > Pescado y Marisco,https://static.carrefour.es/hd_350x_/img_pim_food/320145_00_1.jpg,https://www.carrefour.es/supermercado/corvina-circulo-de-calidad-2-kg-aprox/R-fprod1260183/p,https://www.carrefour.es/supermercado/frescos/pescado-y-marisco/cat20014/c?offset=24,2026-02-21
Trucha asalmonada Círculo de Calidad 600 g aprox,"5,09 €",,"8,49 €/kg",Frescos > Pescado y Marisco,https://static.carrefour.es/hd_350x_/img_pim_food/349382_00_1.jpg,https://www.carrefour.es/supermercado/trucha-asalmonada-circulo-de-calidad-600-g-aprox/R-fprod1370189/p,https://www.carrefour.es/supermercado/frescos/pescado-y-marisco/cat20014/c?offset=24,2026-02-21
Langostino cocido (20/30 ud) 1 Kg aprox,"10,99 €",,"10,99 €/kg",Frescos > Pescado y Marisco,https://static.carrefour.es/hd_350x_/img_pim_food/391615_00_1.jpg,https://www.carrefour.es/supermercado/langostino-cocido-20-30-ud-1-kg-aprox/R-580101585/p,https://www.carrefour.es/supermercado/frescos/pescado-y-marisco/cat20014/c?offset=24,2026-02-21
Finas del mar Simpl 400 g,"2,92 €",,"7,30 €/kg",Frescos > Pescado y Marisco,https://static.carrefour.es/hd_350x_/img_pim_food/316019_00_1.jpg,https://www.carrefour.es/supermercado/finas-del-mar-simpl-400-g/R-VC4AECOMM-316019/p,https://www.carrefour.es/supermercado/frescos/pescado-y-marisco/cat20014/c?offset=24,2026-02-21
Bacalao desmigado desalado Carrefour El Mercado 250 g,"5,99 €",,"23,96 €/kg",Frescos > Pescado y Marisco,https://static.carrefour.es/hd_350x_/img_pim_food/713810_00_1.jpg,https://www.carrefour.es/supermercado/bacalao-desmigado-desalado-carrefour-el-mercado-250-g/R-VC4AECOMM-713810/p,https://www.carrefour.es/supermercado/frescos/pescado-y-marisco/cat20014/c?offset=24,2026-02-21
Pescadilla fina 800 g aprox,"6,39 €",,"7,99 €/kg",Frescos > Pescado y Marisco,https://static.carrefour.es/hd_350x_/img_pim_food/235048_00_1.jpg,https://www.carrefour.es/supermercado/pescadilla-fina-800-g-aprox/R-531505553/p,https://www.carrefour.es/supermercado/frescos/pescado-y-marisco/cat20014/c?offset=24,2026-02-21
Salmón ahumado noruego Carrefour Extra pack de 2 unidades de 180 g.,"12,95 €",,"35,97 €/kg",Frescos > Pescado y Marisco,https://static.carrefour.es/hd_350x_/img_pim_food/341403_00_1.jpg,https://www.carrefour.es/supermercado/salmon-ahumado-noruego-carrefour-extra-pack-de-2-unidades-de-180-g/R-fprod1360268/p,https://www.carrefour.es/supermercado/frescos/pescado-y-marisco/cat20014/c?offset=24,2026-02-21
Langostino gordo crudo (20/30 ud) 500 g,"4,97 €",,"9,95 €/kg",Frescos > Pescado y Marisco,https://static.carrefour.es/hd_350x_/img_pim_food/058134_00_1.jpg,https://www.carrefour.es/supermercado/langostino-gordo-crudo-20-30-ud-500-g/R-621301158/p,https://www.carrefour.es/supermercado/frescos/pescado-y-marisco/cat20014/c?offset=48,2026-02-21
La Gula del Norte 2x210 g,"10,50 €",,25 €/kg,Frescos > Pescado y Marisco,https://static.carrefour.es/hd_350x_/img_pim_food/806329_00_1.jpg,https://www.carrefour.es/supermercado/la-gula-del-norte-2x210-g/R-630301661/p,https://www.carrefour.es/supermercado/frescos/pescado-y-marisco/cat20014/c?offset=48,2026-02-21
Salpicón de marisco con vinagreta Carrefour El Mercado 400 g,"4,76 €",,"11,90 €/kg",Frescos > Pescado y Marisco,https://static.carrefour.es/hd_350x_/img_pim_food/436889_00_1.jpg,https://www.carrefour.es/supermercado/salpicon-de-marisco-con-vinagreta-carrefour-el-mercado-400-g/R-VC4AECOMM-436889/p,https://www.carrefour.es/supermercado/frescos/pescado-y-marisco/cat20014/c?offset=48,2026-02-21
Buñuelos de bacalao congelados Carrefour El Mercado 400 g,"2,59 €",,"6,47 €/kg",Frescos > Pescado y Marisco,https://static.carrefour.es/hd_350x_/img_pim_food/792206_00_1.jpg,https://www.carrefour.es/supermercado/bunuelos-de-bacalao-congelados-carrefour-el-mercado-400-g/R-525888337/p,https://www.carrefour.es/supermercado/frescos/pescado-y-marisco/cat20014/c?offset=48,2026-02-21
Lubina Círculo de Calidad 800 g aprox,"14,36 €",,"17,95 €/kg",Frescos > Pescado y Marisco,https://static.carrefour.es/hd_350x_/img_pim_food/031145_00_1.jpg,https://www.carrefour.es/supermercado/lubina-circulo-de-calidad-800-g-aprox/R-prod890052/p,https://www.carrefour.es/supermercado/frescos/pescado-y-marisco/cat20014/c?offset=48,2026-02-21
La Gula del Norte reducida en sal 200 g,"6,35 €",,"31,75 €/kg",Frescos > Pescado y Marisco,https://static.carrefour.es/hd_350x_/img_pim_food/569915_00_1.jpg,https://www.carrefour.es/supermercado/la-gula-del-norte-reducida-en-sal-200-g/R-VC4AECOMM-569915/p,https://www.carrefour.es/supermercado/frescos/pescado-y-marisco/cat20014/c?offset=48,2026-02-21
Rodaballo Círculo de calidad 2 kg aprox,"37,90 €",,"18,95 €/kg",Frescos > Pescado y Marisco,https://static.carrefour.es/hd_350x_/img_pim_food/395409_00_1.jpg,https://www.carrefour.es/supermercado/rodaballo-circulo-de-calidad-2-kg-aprox/R-628108409/p,https://www.carrefour.es/supermercado/frescos/pescado-y-marisco/cat20014/c?offset=48,2026-02-21
Lomo de salmón Noruego El Mercado pack de 2 unidades de 125 g,"6,49 €",,"25,96 €/kg",Frescos > Pescado y Marisco,https://static.carrefour.es/hd_350x_/img_pim_food/683186_00_1.jpg,https://www.carrefour.es/supermercado/lomo-de-salmon-noruego-el-mercado-pack-de-2-unidades-de-125-g/R-VC4AECOMM-683186/p,https://www.carrefour.es/supermercado/frescos/pescado-y-marisco/cat20014/c?offset=48,2026-02-21
Bacalao Skrei 3 kg aprox,"47,85 €",,"15,95 €/kg",Frescos > Pescado y Marisco,https://static.carrefour.es/hd_350x_/img_pim_food/183697_00_1.jpg,https://www.carrefour.es/supermercado/bacalao-skrei-3-kg-aprox/R-693806541/p,https://www.carrefour.es/supermercado/frescos/pescado-y-marisco/cat20014/c?offset=72,2026-02-21
Sepia limpia Carrefour 1 kg aprox,"7,47 €",,"14,95 €/kg",Frescos > Pescado y Marisco,https://static.carrefour.es/hd_350x_/img_pim_food/055573_00_1.jpg,https://www.carrefour.es/supermercado/sepia-limpia-carrefour-1-kg-aprox/R-VC4AECOMM-055573/p,https://www.carrefour.es/supermercado/frescos/pescado-y-marisco/cat20014/c?offset=72,2026-02-21
Salmón ahumado noruego Royal 90 g,"7,05 €",,"78,33 €/kg",Frescos > Pescado y Marisco,https://static.carrefour.es/hd_350x_/img_pim_food/155426_00_1.jpg,https://www.carrefour.es/supermercado/salmon-ahumado-noruego-royal-90-g/R-521007429/p,https://www.carrefour.es/supermercado/frescos/pescado-y-marisco/cat20014/c?offset=72,2026-02-21
Salmón en filete Calidad y Origen Carrefour 400 g aprox,"8,19 €",,"20,48 €/kg",Frescos > Pescado y Marisco,https://static.carrefour.es/hd_350x_/img_pim_food/283326_00_1.jpg,https://www.carrefour.es/supermercado/salmon-en-filete-calidad-y-origen-carrefour-400-g-aprox/R-prod231112/p,https://www.carrefour.es/supermercado/frescos/pescado-y-marisco/cat20014/c?offset=72,2026-02-21
Croquetas caseras de bacalao congeladas Carrefour El Mercado 400 g,"3,12 €",,"7,80 €/kg",Frescos > Pescado y Marisco,https://static.carrefour.es/hd_350x_/img_pim_food/310318_00_1.jpg,https://www.carrefour.es/supermercado/croquetas-caseras-de-bacalao-congeladas-carrefour-el-mercado-400-g/R-658001640/p,https://www.carrefour.es/supermercado/frescos/pescado-y-marisco/cat20014/c?offset=72,2026-02-21
Barritas de surimi 420 g,"5,95 €",,"14,17 €/kg",Frescos > Pescado y Marisco,https://static.carrefour.es/hd_350x_/img_pim_food/124654_00_1.jpg,https://www.carrefour.es/supermercado/barritas-de-surimi-420-g/R-557501453/p,https://www.carrefour.es/supermercado/frescos/pescado-y-marisco/cat20014/c?offset=72,2026-02-21
Anchodina Carrefour El Mercado 100 g,"4,75 €",,"47,50 €/kg",Frescos > Pescado y Marisco,https://static.carrefour.es/hd_350x_/img_pim_food/150137_00_1.jpg,https://www.carrefour.es/supermercado/anchodina-carrefour-el-mercado-100-g/R-prod1110058/p,https://www.carrefour.es/supermercado/frescos/pescado-y-marisco/cat20014/c?offset=72,2026-02-21
Palitos de bacalao desalado Carrefour El Mercado 250 g,"8,95 €",,"35,80 €/kg",Frescos > Pescado y Marisco,https://static.carrefour.es/hd_350x_/img_pim_food/542975_00_1.jpg,https://www.carrefour.es/supermercado/palitos-de-bacalao-desalado-carrefour-el-mercado-250-g/R-VC4AECOMM-542975/p,https://www.carrefour.es/supermercado/frescos/pescado-y-marisco/cat20014/c?offset=72,2026-02-21
Salmón ahumado noruego Royal pack de 2 unidades de 80 g,"12,75 €",,"79,69 €/kg",Frescos > Pescado y Marisco,,https://www.carrefour.es/supermercado/salmon-ahumado-noruego-royal-pack-de-2-unidades-de-80-g/R-prod300472/p,https://www.carrefour.es/supermercado/frescos/pescado-y-marisco/cat20014/c?offset=72,2026-02-21
Solomillo de salmón ahumado Carrefour Extra 150 g.,"10,05 €",,67 €/kg,Frescos > Pescado y Marisco,https://static.carrefour.es/hd_350x_/img_pim_food/221034_00_1.jpg,https://www.carrefour.es/supermercado/solomillo-de-salmon-ahumado-carrefour-extra-150-g/R-fprod1180228/p,https://www.carrefour.es/supermercado/frescos/pescado-y-marisco/cat20014/c?offset=96,2026-02-21
Mejillón Gallego cocido Círculo de Calidad 1 kg,"5,40 €",,"5,40 €/kg",Frescos > Pescado y Marisco,https://static.carrefour.es/hd_350x_/img_pim_food/397796_00_1.jpg,https://www.carrefour.es/supermercado/mejillon-gallego-cocido-circulo-de-calidad-1-kg/R-522714049/p,https://www.carrefour.es/supermercado/frescos/pescado-y-marisco/cat20014/c?offset=96,2026-02-21
Cabeza de Rape 1 kg aprox,"6,90 €",,"6,90 €/kg",Frescos > Pescado y Marisco,https://static.carrefour.es/hd_350x_/img_pim_food/234565_00_1.jpg,https://www.carrefour.es/supermercado/cabeza-de-rape-1-kg-aprox/R-fprod1220368/p,https://www.carrefour.es/supermercado/frescos/pescado-y-marisco/cat20014/c?offset=96,2026-02-21
Bacalada salada El Mercado Carrefour 600 g,"12,95 €",,"21,58 €/kg",Frescos > Pescado y Marisco,https://static.carrefour.es/hd_350x_/img_pim_food/630727_00_1.jpg,https://www.carrefour.es/supermercado/bacalada-salada-el-mercado-carrefour-600-g/R-VC4AECOMM-630727/p,https://www.carrefour.es/supermercado/frescos/pescado-y-marisco/cat20014/c?offset=96,2026-02-21
Pata de pulpo cocida XL Carrefour El Mercado 250 g,"14,45 €",,"57,80 €/kg",Frescos > Pescado y Marisco,https://static.carrefour.es/hd_350x_/img_pim_food/335267_00_1.jpg,https://www.carrefour.es/supermercado/pata-de-pulpo-cocida-xl-carrefour-el-mercado-250-g/R-VC4AECOMM-335267/p,https://www.carrefour.es/supermercado/frescos/pescado-y-marisco/cat20014/c?offset=96,2026-02-21
Huevas rojas de lumpo procedente de pesca sostenible Carrefour 80 g,"2,79 €",,"34,87 €/kg",Frescos > Pescado y Marisco,https://static.carrefour.es/hd_350x_/img_pim_food/599080_00_1.jpg,https://www.carrefour.es/supermercado/huevas-rojas-de-lumpo-procedente-de-pesca-sostenible-carrefour-80-g/R-VC4AECOMM-599080/p,https://www.carrefour.es/supermercado/frescos/pescado-y-marisco/cat20014/c?offset=96,2026-02-21
Tiras de Potón Carrefour 1 kg aprox,"3,47 €",,"6,95 €/kg",Frescos > Pescado y Marisco,https://static.carrefour.es/hd_350x_/img_pim_food/055569_00_1.jpg,https://www.carrefour.es/supermercado/tiras-de-poton-carrefour-1-kg-aprox/R-VC4AECOMM-055569/p,https://www.carrefour.es/supermercado/frescos/pescado-y-marisco/cat20014/c?offset=96,2026-02-21
Salmón corte Maestro Mowi 460 g,"17,95 €",,"39,02 €/kg",Frescos > Pescado y Marisco,https://static.carrefour.es/hd_350x_/img_pim_food/074543_00_1.jpg,https://www.carrefour.es/supermercado/salmon-corte-maestro-mowi-460-g/R-VC4AECOMM-074543/p,https://www.carrefour.es/supermercado/frescos/pescado-y-marisco/cat20014/c?offset=96,2026-02-21
Buey cocido pieza 600 g aprox,"6,99 €",,"6,99 €/ud",Frescos > Pescado y Marisco,https://static.carrefour.es/hd_350x_/img_pim_food/051924_00_1.jpg,https://www.carrefour.es/supermercado/buey-cocido-pieza-600-g-aprox/R-628001638/p,https://www.carrefour.es/supermercado/frescos/pescado-y-marisco/cat20014/c?offset=120,2026-02-21
Mojama de Atún Carrefour El Mercado taco de 200 g,"7,99 €",,"39,95 €/kg",Frescos > Pescado y Marisco,https://static.carrefour.es/hd_350x_/img_pim_food/095612_00_1.jpg,https://www.carrefour.es/supermercado/mojama-de-atun-carrefour-el-mercado-taco-de-200-g/R-prod1020266/p,https://www.carrefour.es/supermercado/frescos/pescado-y-marisco/cat20014/c?offset=120,2026-02-21
Salpicón de pulpo Carrefour 380 g,"7,95 €",,"20,92 €/kg",Frescos > Pescado y Marisco,https://static.carrefour.es/hd_350x_/img_pim_food/606990_00_1.jpg,https://www.carrefour.es/supermercado/salpicon-de-pulpo-carrefour-380-g/R-VC4AECOMM-606990/p,https://www.carrefour.es/supermercado/frescos/pescado-y-marisco/cat20014/c?offset=120,2026-02-21
Mejillón ecológico 500 g,"4,99 €",,"9,98 €/kg",Frescos > Pescado y Marisco,https://static.carrefour.es/hd_350x_/img_pim_food/143322_00_1.jpg,https://www.carrefour.es/supermercado/mejillon-ecologico-500-g/R-prod1090056/p,https://www.carrefour.es/supermercado/frescos/pescado-y-marisco/cat20014/c?offset=120,2026-02-21
Brandada de bacalao El Mercado 225 g,"3,59 €",,"15,96 €/kg",Frescos > Pescado y Marisco,https://static.carrefour.es/hd_350x_/img_pim_food/453543_00_1.jpg,https://www.carrefour.es/supermercado/brandada-de-bacalao-el-mercado-225-g/R-VC4AECOMM-453543/p,https://www.carrefour.es/supermercado/frescos/pescado-y-marisco/cat20014/c?offset=120,2026-02-21
Huevas de arenque Avruga 55 g.,"4,05 €",,"73,64 €/kg",Frescos > Pescado y Marisco,https://static.carrefour.es/hd_350x_/img_pim_food/154240_00_1.jpg,https://www.carrefour.es/supermercado/huevas-de-arenque-avruga-55-g/R-521031930/p,https://www.carrefour.es/supermercado/frescos/pescado-y-marisco/cat20014/c?offset=120,2026-02-21
Calamar de lonja 1 kg aprox,"13,95 €",,"13,95 €/kg",Frescos > Pescado y Marisco,https://static.carrefour.es/hd_350x_/img_pim_food/767135_00_1.jpg,https://www.carrefour.es/supermercado/calamar-de-lonja-1-kg-aprox/R-fprod1210380/p,https://www.carrefour.es/supermercado/frescos/pescado-y-marisco/cat20014/c?offset=120,2026-02-21
Salpicón de marisco congelado Carrefour Extra 450 g,"5,69 €",,"12,64 €/kg",Frescos > Pescado y Marisco,https://static.carrefour.es/hd_350x_/img_pim_food/306052_00_1.jpg,https://www.carrefour.es/supermercado/salpicon-de-marisco-congelado-carrefour-extra-450-g/R-VC4AECOMM-306052/p,https://www.carrefour.es/supermercado/frescos/pescado-y-marisco/cat20014/c?offset=120,2026-02-21
Coquinas frescas 500 g,"13,95 €",,"27,90 €/kg",Frescos > Pescado y Marisco,,https://www.carrefour.es/supermercado/coquinas-frescas-500-g/R-645501810/p,https://www.carrefour.es/supermercado/frescos/pescado-y-marisco/cat20014/c?offset=120,2026-02-21
Ajoarriero de bacalao Angomar 225 g,"3,45 €",,"15,33 €/kg",Frescos > Pescado y Marisco,https://static.carrefour.es/hd_350x_/img_pim_food/453534_00_1.jpg,https://www.carrefour.es/supermercado/ajoarriero-de-bacalao-angomar-225-g/R-VC4AECOMM-453534/p,https://www.carrefour.es/supermercado/frescos/pescado-y-marisco/cat20014/c?offset=144,2026-02-21
Solomillo de atún 120 g aprox,"4,50 €",,"37,50 €/kg",Frescos > Pescado y Marisco,https://static.carrefour.es/hd_350x_/img_pim_food/114552_00_1.jpg,https://www.carrefour.es/supermercado/solomillo-de-atun-120-g-aprox/R-628108264/p,https://www.carrefour.es/supermercado/frescos/pescado-y-marisco/cat20014/c?offset=144,2026-02-21
Tapita Marinera Mediterránea Belmonte Gourmet 300 g,"6,89 €",,"22,97 €/kg",Frescos > Pescado y Marisco,https://static.carrefour.es/hd_350x_/img_pim_food/230931_00_1.jpg,https://www.carrefour.es/supermercado/tapita-marinera-mediterranea-belmonte-gourmet-300-g/R-prod150274/p,https://www.carrefour.es/supermercado/frescos/pescado-y-marisco/cat20014/c?offset=144,2026-02-21
Carne de Volandeira ultracongelada Carrefour El Mercado 250 g,"11,95 €",,"47,80 €/kg",Frescos > Pescado y Marisco,https://static.carrefour.es/hd_350x_/img_pim_food/127060_00_1.jpg,https://www.carrefour.es/supermercado/carne-de-volandeira-ultracongelada-carrefour-el-mercado-250-g/R-VC4AECOMM-127060/p,https://www.carrefour.es/supermercado/frescos/pescado-y-marisco/cat20014/c?offset=144,2026-02-21
Bacalao salado en tacos 500 g aprox,"14,45 €",,"28,90 €/kg",Frescos > Pescado y Marisco,https://static.carrefour.es/hd_350x_/img_pim_food/160767_00_1.jpg,https://www.carrefour.es/supermercado/bacalao-salado-en-tacos-500-g-aprox/R-prod70301/p,https://www.carrefour.es/supermercado/frescos/pescado-y-marisco/cat20014/c?offset=144,2026-02-21
Sucedáneo de caviar Mujjól Shikrán sin gluten 80 g.,"6,15 €",,"76,87 €/kg",Frescos > Pescado y Marisco,https://static.carrefour.es/hd_350x_/img_pim_food/328315_00_1.jpg,https://www.carrefour.es/supermercado/sucedaneo-de-caviar-mujjol-shikran-sin-gluten-80-g/R-668105623/p,https://www.carrefour.es/supermercado/frescos/pescado-y-marisco/cat20014/c?offset=144,2026-02-21
